2714 4942
363 505 393 561 ι.
444 480 514 556 Ad
546 480 755 558 Theon‘om.
857 588 860 598 Ι
1049 482 1091 554 15

78 679 293 755 structionem
319 679 571 782 explicando,
612 678 707 754 olim
732 677 792 777 (in
818 679 942 756 and.
967 685 1089 788 Agr.)

78 824 106 897 in
127 819 277 899 eundem
302 849 475 898 errorem
501 821 725 908 inciderim,
754 843 802 895 eo
820 821 938 923 magis
963 824 1093 899 vereri
1138 831 1139 835 ’

75 963 199 1052 licebit,
234 991 304 1052 ne,
344 961 484 1040 leviori
511 961 683 1063 quodam
707 945 1005 1063 argumentandi
1031 991 1092 1068 ge·

75 1133 163 1194 nere,
203 1103 378 1181 botanici
401 1103 451 1179 ad
478 1103 743 1206 gravissimum
768 1101 868 1177 illud
902 1101 951 1178 de
983 1105 1093 1206 plan·

76 1263 172 1322 nrum
196 1245 368 1352 partibus
402 1222 708 1321 'coalescentibus
743 1239 943 1318 theorema
975 1271 1108 1342 acco--

76 1385 299 1472 modandum,
328 1387 574 1486 ubicumque
592 1383 641 1461 de
658 1373 843 1459 solvenda
855 1382 1092 1462 'difficultate

78 1527 208 1628 quadam
224 1524 479 1633 phytoiogica
496 1545 650 1628 agatur,
678 1523 797 1599 ho'die
814 1523 929 1599 nimis
945 1531 1092 1629 promti

76 1667 138 1742 sint.
194 1665 346 1745 Deinde
372 1688 506 1752 'vcr0‚·
530 1675 720 1766 quantum
747 1664 906 1769 quidem
937 1669 987 1742 ad
1012 1698 1093 1773 gra·

78 1807 150 1882 nina
179 1807 334 1897 attinet,
363 1806 626 1885 coalescendi
658 1807 830 1908 partium
868 1809 1007 1888 modus
1049 1813 1091 1890 in

78 1943 105 2019 iis
123 1949 391 2054 investigandus
419 1951 512 2033 erit‘,
559 1977 659 2049 quae
686 1949 839 2024 casdem
870 1950 910 2023 in
937 1979 978 2026 sc
1006 1981 1093 2030 coa·

78 2083 133 2160 litas
160 2087 287 2166 fovere
325 2092 474 2166 nullam
514 2091 801 2166 dubitationem
842 2093 1088 2196 relinquunt.

84 2225 185 2328 buptex
213 2252 347 2306 autem
380 2234 540 2308 coalitui
570 2231 762 2335 praebent
792 2257 974 2333 squamae
1010 2261 1091 2336 gra·
1140 2285 1151 2298 κ

86 2367 183 2448 niueae
207 2374 339 2449 latusr
379 2393 447 2449 aut
471 2375 680 2475 margineS,
730 2387 798 2448 aut
827 2372 1088 2474 superficiem.

79 2507 117 2584 liii
141 2515 193 2613 (ut
223 2513 417 2617 margines
448 2503 675 2618 vaginarum
705 2513 865 2589 Melicae
888 2517 1087 2606 anssaroe,

76 2648 344 2743 perianthiorum
361 2660 595 2758 ‘Alopecum
629 2677 878 2756 squamarum
904 2655 1091 2732 lodicula·

67 2783 143 2874 ,rium
167 2793 373 2899 Glycerioe)
407 2799 555 2902 absque
580 2797 682 2883 ulla,
706 2777 797 2871 'nec¹
823 2814 982 2872 suturae
1012 2825 1087 2874 neo
1161 2795 1165 2804 ’

73 2921 337 3025 incusationis,
362 2957 474 3025 nota,
502 2940 600 3014 alter
613 2962 704 3014 cum
716 2935 839 3011 altero
853 2923 1085 3033 confluunt3

70 3083 95 3140 at
112 3072 144 3145 in
166 3073 466 3154 demonstranda
490 3079 642 3154 valvula
668 3104 759 3150 cum
783 3075 892 3153 rachi
918 3059 1088 3158 connata

69 3215 196 3294 nonde
228 3217 470 3316 marginibus
507 3219 799 3296 confluentibus
839 3247 966 3297 sermo
1005 3247 1087 3298 esse

68 3369 175 3446 potest.
224 3357 532 3470 superficierum
558 3375 697 3433 contra
726 3356 768 3432 in
791 3385 917 3435 unum
942 3369 1086 3466 corpus

68 3499 258 3573 coeuntium
289 3500 482 3602 exempla,
529 3526 630 3602 quae
663 3495 780 3575 omne
809 3497 977 3576 dubium
1011 3504 1085 3579 tol·

67 3623 134 3721 lant,
169 3619 360 3714 rarissima
385 3657 488 3717 sunt.
540 3643 587 3715 bn
614 3639 812 3744 ipsissimis
842 3641 948 3716 enim
977 3644 1088 3747 poly-

71 3775 166 3866 tamis,
192 3801 304 3881 vaegr.
318 3779 472 3869 Paniai,
499 3780 676 3884 spinulis,
705 3779 773 3856 ubi
787 3778 962 3869 flosculi,
990 3809 1086 3884 quo·

67 3933 125 3988 tun
146 3919 239 3997 alter
266 3899 720 4024 intupcr³³erassiss11t1ut‚
753 3919 817 3998 ‘ob
843 3907 1087 3998 decurtatam

66 4049 169 4130 rachin
193 4057 274 4136 fere
301 4060 487 4163 parallelo
505 4060 641 4162 p'ositi,
669 4053 959 4140 aiter'alterum
980 4044 1088 4137 'ardeo'

65 4205 233 4289 premunt,
273 4221 318 4279 ut
342 4203 396 4278 sic
423 4200 550 4278 dictus
565 4197 742 4282 inferior
764 4228 880 4309 saepe
904 4228 955 4286 nc
980 4191 1086 4304 ¹geni·
