2714 4942
259 435 305 526 ¹4
589 444 618 498 t.
644 493 649 502 ,
671 423 742 496 Ad
771 411 980 500 llrcoriamss

245 621 505 726 Phytologiae
529 619 692 694 sanioris
717 621 898 696 notiones
914 611 1300 724 perturbasse”;'nec'

249 765 365 841 facile
389 760 606 868 perspicio,
650 760 757 838 unde
781 789 844 838 me
871 779 999 839 tantae
1031 763 1299 841 alucinationis

250 902 460 981 accusandi
483 901 539 978 fas
566 903 640 978 sibi
664 902 857 990 hauserit,
895 929 997 982 cum,
1012 927 1188 1020 squamas
1212 907 1300 1009 Epi·
1342 993 1343 1000 ἵ

249 1043 443 1150 phystidis
476 1043 631 1119 florales
663 1061 702 1120 et
730 1043 920 1120 lloriferas
949 1071 1041 1118 cum
1073 1045 1176 1120 foliis
1214 1073 1303 1121 con·
1342 1105 1343 1142 3

251 1183 445 1262 fundendi
470 1183 644 1288 culpam,
677 1183 785 1286 quod
809 1185 945 1271 sciam,
980 1184 1124 1260 nullibi
1141 1189 1304 1262 commi-

209 1397 213 1404 .
249 1329 380 1403 serim.
408 1367 458 1385 --
521 1326 601 1427 Ego
626 1351 739 1410 vero,
782 1325 813 1399 si
840 1324 936 1427 quid
968 1325 1051 1400 sani
1084 1333 1126 1402 in
1153 1324 1303 1404 theoria

249 1487 338 1543 mea
363 1483 477 1554 esset,
520 1465 652 1542 nullus
677 1462 945 1540 dubitaveram
976 1465 1073 1567 quin
1101 1466 1188 1542 fieri
1212 1495 1302 1570 pos·

248 1626 326 1694 set,
370 1627 432 1696 ut,
478 1608 594 1709 quale
626 1606 691 1681 illa
723 1606 1004 1693 construxerit,
1048 1633 1206 1708 gramen
1230 1611 1304 1684 ali-

249 1748 408 1850 quando
435 1749 695 1834 inveniretur,
725 1748 810 1833 cui,
839 1764 980 1822 attacta
1006 1747 1214 1827 altitudine
1237 1781 1305 1829 ne·

246 1889 430 1975 cessaria,
476 1889 700 1966 internodia
726 1887 846 1964 culmi
879 1889 1083 1993 superiora
1115 1875 1303 1994 ipsissima

245 2028 288 2106 in
312 2029 429 2127 flores
454 2029 625 2106 bivalves
643 2029 912 2107 recludantur.
962 2032 1044 2106 Nec
1062 2031 1217 2107 tandem
1235 2062 1300 2110 ex-

245 2187 423 2294 spectata
444 2169 569 2246 defuit
594 2169 731 2248 fidenti
758 2168 996 2275 Epiphystis.
1061 2169 1188 2270 Quam
1211 2173 1302 2272 (vo-

245 2308 409 2398 cabulo,
443 2283 654 2399 conliteor,
686 2309 796 2412 rudi)
834 2300 1085 2384 rudissimam
1095 2339 1117 2387 a
1141 2342 1203 2390 me
1230 2345 1306 2392 vo

237 2467 386 2538 catam,
428 2476 618 2525 summam
643 2469 795 2526 tantum
820 2451 1040 2552 gramineae
1067 2455 1305 2530 evolutionis
1342 2539 1343 2558 ἶ

243 2581 534 2695 simplicitatem
560 2592 668 2664 illam
697 2592 882 2666 concluse
900 2595 1132 2696 ‘exprimere
1163 2597 1307 2672 volue-

240 2760 339 2808 ram.
392 2733 537 2812 Verum
566 2732 671 2805 enim
696 2759 798 2817 non,
832 2748 878 2807 ut
903 2723 1135 2813 clarissimus
1161 2763 1309 2814 censor

230 2885 443 2945 'autumare
487 2871 661 2957 videtur,
717 2873 885 2950 alterum
923 2875 1098 2977 ejusdem
1135 2875 1306 2952 racheos

235 3019 339 3094 'latus
383 3015 526 3102 solum,
583 3017 651 3091 sed
694 3033 934 3117 utrumque,
979 3015 1309 3122 perfectissimam

238 3157 427 3258 utrinque
452 3129 644 3232 valvulam
670 3157 802 3234 efficit.
854 3156 981 3256 Quam
1006 3161 1174 3244 tantam,
1209 3185 1313 3233 cum

240 3299 445 3402 principiis
487 3299 564 3372 suis
602 3301 731 3376 minus
765 3322 998 3399 congruam,
1043 3300 1316 3386 constructio·

240 3466 352 3529 uem,
379 3441 424 3516 ut'
448 3464 559 3514 more
584 3459 745 3542 recepto
772 3437 1004 3540 explicaret,
1032 3439 1225 3516 valvulam
1247 3441 1314 3516 in-

242 3581 427 3658 teriorem
453 3603 543 3656 cum
576 3569 686 3655 rachi
714 3587 917 3670 ¹connatam
950 3577 1118 3654 statuere
1143 3581 1312 3655 maluit.

240 3723 412 3798 Primum
439 3706 568 3798 autem
595 3721 709 3807 mihi,
738 3721 824 3824 qui,
852 3722 960 3797 floria
985 3721 1173 3824 graminei
1199 3748 1318 3796 con-

209 4019 211 4024 ·
309 4002 399 4070 quod'
394 4019 419 4051 ru
437 3999 541 4058 Punicis
559 3999 705 4068 quibusdam
724 3998 864 4052 observavi.
908 3997 995 4067 Cujus
1005 3997 1047 4051 rel
1071 3998 1205 4066 singularis
1226 4017 1319 4051 causa

224 4141 227 4150 ,
306 4091 439 4142 sonassa'
433 4106 459 4141 m
481 4083 623 4140 finnissima
646 4100 672 4142 et
694 4087 770 4139 ulmis
787 4085 899 4140 coriaceu
908 4085 1004 4140 horum
1020 4083 1137 4140 loliorum
1155 4083 1343 4188 substautiap

306 4177 448 4245 quaerenda
465 4178 521 4232 erit
