2714 4942
212 389 237 529 r
360 471 362 478 -
538 449 567 504 t.
619 426 693 504 Aa
718 429 928 509 meorum.

215 629 357 721 istud,¹
383 626 636 731 vegetationis
665 653 757 706 suae
790 629 947 707 culmen
978 629 1081 707 sorte
1110 657 1193 710 non
1226 634 1268 712 in

213 747 423 873 proereato
449 770 597 848 semine
621 772 832 875 attingens,
859 797 993 878 prose
1017 775 1172 875 semper
1189 774 1269 858 ‚im—

137 888 142 900 ⁴
177 996 179 1008 1
213 909 433 1013 perfectum
466 913 619 990 sistunt,
648 937 650 940 ·
695 915 825 1012 Quare
854 913 1010 989 seminis
1045 915 1269 1014 procreatio

214 1050 374 1126 ultimus
403 1075 560 1156 semper
590 1053 816 1156 vegetabilis
847 1052 935 1128 linis
965 1071 1035 1130 est.
1112 1053 1201 1150 Quo
1224 1071 1271 1160 ut

213 1192 467 1294 perveniant,
495 1193 639 1278 varias,
678 1193 896 1305 longiorem
921 1193 1005 1278 illo,
1046 1194 1271 1270 'breviorem

137 1370 140 1379 ·
215 1329 335 1418 haec,
363 1351 604 1438 percurrunt
619 1334 848 1436 vegetabilia
865 1333 958 1408 vias·
1009 1334 1130 1435 Cujus
1155 1334 1271 1431 itine-

215 1473 269 1550 ris
285 1475 454 1553 orbitae
488 1473 742 1576 designantur
772 1475 889 1560 vasis,
933 1499 1034 1576 quae
1067 1495 1136 1552 aut
1165 1492 1273 1550 recta

215 1629 309 1692 sunt
332 1627 373 1693 et
388 1611 690 1720 simplicissima,
717 1632 785 1690 aut
801 1635 1090 1692 anastomoseos
1115 1641 1271 1690 maean-

62 1743 65 1750 ’
172 1777 176 1784 ’
216 1753 297 1832 dris
323 1753 431 1834 vario
456 1757 577 1834 modo
603 1753 818 1856 obliquata.
871 1756 944 1832 llis
967 1754 1135 1832 refertae
1159 1755 1275 1860 plan·

216 1913 281 1975 tae
304 1897 636 2003 metamorphoses
660 1893 832 1972 subeunt
855 1895 1057 2000 praevios}
1094 1895 1160 1970 illa
1185 1893 1274 1995 plus

216 2040 394 2128 minusve
423 2057 531 2118 recte
560 2037 611 2112 ad
640 2034 852 2110 terminum
883 2034 1075 2112 tendunt:
1121 2033 1272 2110 itineris

217 2177 339 2280 ipsius
363 2180 489 2283 spatio
519 2177 657 2254 orbem
688 2177 846 2277 plantae
871 2173 1145 2278 vegetativum,
1189 2189 1271 2246 ter-

216 2319 325 2396 mino
351 2317 674 2424 reproduotirum
698 2317 871 2392 sistente.
897 2357 947 2376 --
997 2316 1139 2418 ltaque
1163 2329 1275 2392 natu·

217 2485 301 2536 ram
335 2459 560 2564 vegetabilis
590 2483 674 2534 non
707 2453 856 2532 indicat
886 2453 1015 2530 solum
1050 2457 1120 2536 sed
1153 2451 1276 2536 efficit

216 2627 399 2680 rasorum
423 2613 556 2675 status.
606 2597 737 2696 Quae,
765 2623 884 2698 quarn
909 2597 996 2684 diu,
1029 2598 1071 2672 in
1096 2599 1276 2702 partibus

217 2741 424 2826 absolutis,
452 2738 615 2814 eandem
636 2756 792 2814 servant
814 2755 855 2812 et
874 2737 1207 2840 complexionem,
1237 2755 1278 2816 et

171 2969 173 2974 ,
219 2881 499 2971 directionem,
534 2897 573 2956 et
597 2878 857 2983 positionem,
901 2877 1006 2953 idem
1030 2877 1279 2955 constituunt

220 3046 421 3128 organon;
465 3017 621 3096 mutatis
652 3043 746 3094 vero
780 2993 998 3092 rationibus¹
1025 3013 1124 3104 istis,
1167 3018 1276 3092 varia

193 3182 468 3268 ·oomponunt
492 3143 637 3267 organo
661 3158 746 3244 illa,
792 3183 892 3260 quae
919 3151 959 3230 in
985 3151 1127 3256 plantis
1156 3155 1277 3232 altio·
1355 3177 1356 3214 ι

218 3301 327 3382 rihus
352 3301 558 3390 foliorum,
596 3298 849 3402 stipularum,
887 3293 1054 3398 calpen,
1086 3297 1275 3388 corollae,

143 3531 146 3540 ⁴
219 3446 506 3530 nectariorum,
547 3438 711 3526 nomine
742 3436 919 3514 veniunt.
981 3413 1108 3536 Atqui
1138 3434 1247 3510 vel
1235 3463 1280 3512 m

221 3588 306 3692 ipsa
330 3584 516 3690 primaria
549 3607 650 3684 quae
682 3607 704 3658 e
729 3606 947 3683 graminum
976 3575 1124 3654 semine
1151 3599 1280 3654 emer·

222 3726 279 3834 git
293 3719 496 3830 vaginula',
521 3703 610 3802 vasa
636 3717 774 3796 eadem
797 3720 1080 3825 simplicissima
1106 3735 1146 3792 et
1169 3735 1281 3793 recta

223 3862 472 3946 excurrentia
488 3859 605 3960 (imo,
636 3877 683 3936 ut
699 3860 741 3936 in
756 3860 877 3965 ipsius
893 3855 1107 3962 perianthii
1123 3857 1284 3937 valrnla

222 4001 441 4111 superiori,
485 3997 599 4104 bina)
642 4001 1027 4089 animadvertuntur,
1072 3999 1202 4103 qualia
1240 4017 1285 4077 et

225 4161 420 4226 extrem
449 4122 609 4224 demum
637 4141 813 4221 relrulee
841 4133 988 4220 floralis
1025 4137 1133 4218 haud
1168 4161 1285 4221 secus
