2714 4942
408 451 436 505 ι.
489 422 560 501 Aa
590 419 800 504 uteorum.
1110 453 1138 530 9
1175 401 1178 408 λ

62 623 222 712 stadia,
260 641 360 724 quot
383 621 442 699 illi
466 649 489 698 a
508 621 692 728 praeside
716 643 757 702 et
780 653 854 731 per
878 643 999 704 totam
1025 649 1138 700 crea-

72 770 230 848 tionem
247 785 405 868 augusta
422 763 655 868 Symmetria
672 767 995 864 praescribuntur
1009 791 1020 861 ;
1041 765 1137 841 dum

69 909 324 1012 vaginarum,
352 924 460 982 extus
483 905 698 1008 positarum
724 923 781 993 et,
809 907 861 982 ob
887 907 1010 1010 ipsam
1035 907 1137 984 hano

68 1048 339 1154 positionem,
381 1071 599 1145 numquam
621 1042 932 1122 seminiferarum
962 1048 1031 1124 sed
1057 1067 1139 1152 teg·

69 1191 187 1266 mina
212 1207 366 1265 tantum
390 1184 687 1290 praebentium,
727 1187 784 1261 vis
808 1187 996 1290 prolifera
1020 1189 1139 1265 unica

71 1329 319 1408 exhauritur
341 1326 579 1432 propagine,
623 1349 749 1426 eaque
773 1327 883 1402 nulla
907 1329 1074 1433 amplius
1098 1330 1140 1407 vl

71 1469 317 1576 productiva
332 1467 526 1570 praedita,
553 1466 622 1548 sed
646 1466 719 1542 sub
744 1468 893 1547 viribus
916 1469 1141 1573 vegetativis

49 1612 115 1688 ‘in
148 1611 224 1686 illa
258 1606 572 1712 praevalentibus
598 1607 837 1699 abortiente,
881 1637 956 1686 neo
982 1611 1057 1686 nisi
1082 1609 1141 1686 la-

75 1755 231 1828 minam
256 1752 363 1826 illam
388 1765 666 1852 promovente,
712 1774 830 1849 quae,
871 1777 1013 1853 prose
1051 1715 1141 1854 qui·

79 1897 172 1972 dem
201 1889 420 1970 internodii
445 1883 627 1976 extremi,
672 1890 845 1992 ideoque
870 1891 1048 1994 tegminis
1073 1891 1144 1968 llo·

79 2037 175 2112 ralis
209 2032 400 2138 graminei
433 2030 553 2132 ipsius
587 2049 768 2108 naturam
797 2059 892 2134 prae
926 2057 967 2110 se
996 2031 1140 2120 ferens,

88 2176 223 2279 ligulae
250 2192 419 2258 tantum,
467 2170 661 2246 valvulam
685 2166 925 2242 locustarum
962 2171 1145 2274 superio.

96 2344 172 2390 rem
218 2309 514 2417 quodammodo
557 2308 795 2394 revocantis,
848 2309 1028 2386 notulam
1070 2311 1145 2406 ali·-

88 2485 205 2562 quam
228 2454 407 2532 ssoralem
431 2450 588 2556 gignere
614 2445 731 2524 valet.
768 2447 772 2455 “

184 2738 299 2838 Quae
335 2763 427 2812 oum
460 2750 578 2809 notae
614 2733 786 2835 partium
830 2732 1147 2812 internodiorum

81 2876 427 2958 characteristioae
458 2874 553 2959 sint,
596 2873 767 2974 ubique,
808 2875 871 2950 vel
908 2875 949 2950 in
984 2859 1171 2954 eutremi²

83 3019 253 3096 tandem
276 3015 385 3091 floris
410 3014 597 3127 squamis,
641 3040 767 3115 aeque
793 3014 947 3092 easdem
977 3016 1147 3094 inveniri

82 3175 267 3265 oportet.
317 3157 365 3231 ln
392 3180 472 3256 quo
496 3154 574 3230 hoc
600 3173 714 3231 antea
740 3154 1051 3234 observandum:
1079 3185 1150 3236 ve-

80 3327 171 3376 ram
212 3293 377 3372 alteram
413 3295 629 3374 internodii
669 3295 837 3396 cujusvis
876 3314 1030 3398 partem
1066 3322 1148 3373 esse

81 3441 290 3544 vaginam,
314 3434 423 3512 nodo
448 3436 780 3539 appertinentem,
814 3461 946 3538 neque
970 3464 1065 3544 vero
1089 3438 1149 3544 la-

83 3580 264 3664 minam,
304 3606 406 3684 quae
430 3561 674 3680 vaginaeest
698 3573 911 3680 epiphysis.
986 3578 1150 3679 Exque
1247 3551 1250 3558 Ι

85 3718 294 3824 sequitur,
335 3743 514 3822 squamas
547 3716 709 3821 proprie
749 3714 909 3791 demum
942 3713 1147 3808 floriferas,

86 3857 310 3938 exteriores
334 3858 523 3938 nimirum
547 3883 578 3934 s.
604 3855 827 3943 inferiores,
864 3854 1065 3958 vaginulas
1086 3857 1148 3960 ju-

86 3996 282 4078 dicandas
307 4023 410 4088 esse,
450 4026 527 4078 nee
550 3996 726 4072 laminas.
792 3995 917 4078 sicuti
940 4021 1035 4076 vero
1059 4010 1151 4102 pars

87 4139 256 4250 quaevis
280 4138 640 4232 numouolorun
662 4135 822 4238 &mum
836 4137 1033 4222 toralium
1049 4140 1150 4224 inte·
