2714 4942
439 445 470 518 s.
522 419 594 495 Ad
625 415 835 494 mortam,
1085 451 1091 456 ·
1120 444 1158 492 u

79 619 259 694 emittit.
277 659 329 674 --
370 588 463 716 'Qua
480 617 634 718 ratione
659 615 774 690 simul
801 613 1048 716 quaestiones
1074 611 1165 691 illae

78 759 137 832 sle
159 759 288 832 armis
310 737 552 832 valvularum
572 755 881 832 Multillororum
898 752 1166 855 perfectorum

80 898 396 984 terminalibus,
438 925 620 973 necnon
647 897 696 974 de
727 895 865 999 glumis
891 893 1166 990 Uniflororum

80 1037 372 1140 quorumdam
396 1037 587 1140 setigeris,
632 1037 674 1113 in
698 1037 797 1112 Diss.
828 1065 861 1110 1.
893 1063 935 1139 p.
967 1035 1035 1112 105
1068 1063 1165 1139 pro-

78 1181 276 1282 positae,
322 1181 455 1282 aliquo
480 1179 600 1254 modo
631 1179 781 1254 solutae
815 1175 941 1252 videri
972 1197 1181 1278 possunt:¹

81 1323 256 1425 quippe
282 1321 514 1406 Multillora,
555 1321 606 1395 ob
633 1323 756 1425 ipsam
782 1347 917 1398 eorum
952 1317 1163 1419 perfectio·

83 1492 192 1538 nem
228 1480 270 1538 et
301 1462 486 1539 materiae
515 1461 743 1540 formativae
778 1461 1003 1536 ditissimam
1040 1461 1165 1560 supel-
1204 1473 1206 1479 ’

84 1606 296 1690 lectilem,
345 1602 515 1678 valvulas
559 1629 712 1707 omnes·
737 1603 931 1689 setiferaS,
987 1602 1165 1702 Unillora

88 1767 236 1824 autem
279 1746 483 1821 materiam
520 1745 722 1846 plasticam
762 1743 1040 1846 pauperiorem
1080 1763 1164 1820 nou

91 1891 364 1971 flosculorum
399 1891 515 1988 copia
553 1886 795 1972 exhaustam,
838 1879 909 1959 secl
945 1883 987 1958 in
1025 1883 1164 1986 glumis

94 2037 190 2138 ipsis
220 2031 385 2108 uberius
403 2029 543 2105 dotatis
561 2028 779 2130 depositam
793 2025 957 2112 babere,
990 2024 1163 2126 ideoque

101 2139 341 2252 laminarum
381 2170 648 2245 evolutionem
689 2161 857 2270 utraque
900 2164 1036 2243 molita
1082 2187 1163 2238 esse

110 2312 318 2394 existimari
344 2329 546 2416 poterunt.
576 2311 613 2412 *)
642 2345 646 2356 ·

202 2595 295 2693 Quo
326 2611 443 2696 paeto
475 2593 737 2696 gramineum,
777 2613 822 2670 ut
853 2589 980 2676 audit,
1022 2587 1163 2662 folium

94 2741 232 2817 tribus
259 2736 521 2839 compositum
545 2734 722 2812 videmus
746 2734 942 2840 partibus,
982 2733 1025 2808 in
1048 2729 1161 2806 nullo

91 2881 180 2956 alio
215 2875 424 2982 vegetabili
454 2876 602 2966 veodem
636 2875 755 2953 modo
793 2874 917 2952 obviis
953 2887 1072 2976 atque
1108 2871 1163 2946 ita
1215 2892 1218 2898 ’

91 3019 280 3100 invicem
297 3015 632 3132 conspirantibus,
660 3018 842 3094 ut'altera
867 3017 1014 3119 absque
1040 3015 1161 3090 altera

86 3287 331 3308 κ

129 3401 159 3466 *)
180 3398 245 3470 Qua
267 3412 376 3453 setarum
399 3401 496 3454 theoria
519 3402 589 3472 prior
608 3401 640 3454 ds
663 3415 790 3453 armorum
806 3397 1018 3466 significatam,
1032 3399 1062 3454 iu
1075 3389 1159 3456 runs.

167 3486 239 3554 Agr·
258 3485 324 3560 Cap.
342 3490 375 3541 V.
391 3491 547 3558 proposita„
565 3490 712 3558 neutiquam
729 3490 853 3541 aboletur.
888 3488 955 3539 Nam
978 3485 1005 3535 in
1022 3481 1160 3550 simplicis-

168 3575 238 3625 sima
263 3577 403 3642 graminum
426 3577 534 3639 familia,
569 3569 732 3644 legieidem
759 3569 974 3643 singula'organa
1000 3571 1159 3640 subjiciente,
1264 3642 1268 3648 .

166 3661 363 3732 personaturum
379 3665 489 3733 partium
504 3665 574 3715 lusus
598 3663 630 3715 ad
652 3681 731 3714 unum
754 3665 1026 3738 eundemquslwtypum
1049 3661 1160 3729 undique
1256 3719 1260 3726 Ι

166 3748 255 3801 redire
281 3763 390 3824 oportet.
434 3747 629 3829 Quaecumque,
657 3767 705 3818 per
721 3768 748 3802 se
771 3765 824 3800 uon
840 3749 964 3818 perfecta,
992 3751 1020 3804 in
1037 3753 1159 3806 Gramine

167 3847 216 3888 aut
236 3837 553 3918 imple'rfae'te'ayolve'nda,
580 3849 635 3900 aut,
653 3837 712 3888 binc
730 3837 953 3906 suppressa,'iude
975 3841 1160 3908 compensanda

169 3935 263 3988 erunt,
287 3906 484 3992 simplicissimae
497 3919 614 3976 'rasorum
626 3941 647 3974 s.
664 3923 798 3976 nervorum
815 3925 984 3978 distributioni
1000 3927 1158 3994 obsecutura,

166 4013 259 4082 utique
282 4027 432 4089 uesvorum,
464 4024 507 4064 aut
528 4009 648 4080 simplicis
669 4023 713 4064 aut
739 4013 851 4082 plurium
873 4013 939 4076 una,
967 4031 1049 4078 nune,
1078 4029 1108 4072 ut
1130 4020 1159 4073 in

166 4093 281 4170 pilorum
297 4095 434 4170 fasciculis,
453 4096 558 4174 seorsim
574 4097 762 4170 porrectorum,
776 4099 866 4166 'uunc„
878 4089 954 4176 'tit-iu
971 4103 1066 4168 stlttls,
1084 4121 1158 4164 com-
1258 4129 1260 4134 ·

166 4197 317 4260 pacturum,
336 4185 441 4244 roman
457 4179 571 4244 iuduunt.
