2714 4942
238 421 284 498 ro
352 538 357 546 .
422 401 425 408 ⁴
563 441 594 498 t.
644 417 716 496 Aa
745 417 956 499 licerium.

234 617 331 698 talia
365 617 527 722 quidem
559 618 741 699 evolvere
771 619 912 725 possit,
954 617 1107 696 vulvula
1137 617 1292 703 flosculi

234 761 414 840 neutrius
445 761 637 862 superior
677 761 908 844 tenerrime,
950 756 1044 842 hinc
1082 787 1104 834 a
1138 763 1296 842 vulvula,

229 900 420 978 exteriori
446 899 539 976 inde
556 900 606 974 ab
626 893 948 1005 hermaphrodito
966 927 1206 1006 compressa.
1234 908 1291 982 ni-.
1345 963 1346 1004 7

233 1040 447 1118 hilominus
464 1041 665 1118 liberrima
683 1058 820 1127 exstat,
847 1065 922 1126 nee
940 1067 1032 1144 cum
1047 1061 1136 1118 utra
1160 1048 1292 1147 arctis.

231 1185 328 1262 sime
366 1182 685 1262 accumbentium
712 1181 921 1276 coalescit3
963 1179 1006 1256 iu
1034 1179 1293 1290 hermaphro·

231 1325 316 1402 ditc
342 1341 474 1400 autem
491 1327 729 1402 torosissimo
745 1323 949 1402 materiam
964 1321 1141 1400 ssoralem
1156 1328 1291 1429 potius

229 1464 516 1566 accumulatum
551 1493 669 1568 quam
698 1467 882 1544 flosculos
920 1463 1020 1540 duos
1056 1461 1120 1540 vel
1155 1467 1291 1568 plures

230 1626 421 1698 connatos
445 1624 615 1683 statuere
633 1609 824 1712 cogimur,
854 1635 946 1686 cum
962 1606 1170 1682 flosculum
1190 1633 1291 1683 non·
1345 1627 1346 1634 ’

228 1777 448 1852 numquam
471 1735 521 1838 viu
554 1749 691 1825 eadem
714 1751 865 1854 spicula
888 1747 1065 1833 tertium,
1109 1746 1292 1848 superio·

228 1918 331 2001 rem,
359 1891 521 1970 seorsim
545 1891 746 1966 evolutum
770 1887 982 1964 videamus.
1004 1929 1054 1948 ·-
1097 1885 1290 1963 Attamen
1316 1919 1319 1928 ¹

226 2034 270 2110 iu
295 2030 422 2136 Lygeo
447 2023 620 2134 partium
653 2029 861 2135 superficie
894 2027 1182 2136 confluentium
1214 2027 1290 2102 evi·
1345 2099 1346 2108 χ

227 2173 498 2252 dentissimum
523 2169 638 2244 datur
663 2171 898 2273 exemplum.
948 2167 1054 2244 Huic
1073 2169 1178 2244 enim
1201 2169 1286 2272 glu-

225 2343 334 2402 mas,
377 2313 535 2389 circiter
560 2307 611 2386 ad
643 2307 818 2383 medium
842 2333 990 2412 usque,
1034 2329 1170 2414 aperte
1195 2339 1291 2396 cum

205 2455 450 2564 'periauthio
475 2451 649 2528 univalvi
675 2449 917 2535 coalescunt,
946 2452 1053 2530 unde
1071 2451 1290 2528 substantia

225 2577 362 2704 protlit
386 2594 757 2676 coriacco-crassa,
807 2563 1049 2694 insuperque
1075 2609 1182 2668 extus
1208 2591 1292 2667 hir·

225 2735 436 2822 sutissima,
465 2733 615 2840 quippe
633 2757 711 2834 qua
727 2730 901 2832 pilorum
920 2732 1154 2820 assertione,
1180 2735 1291 2810 laesa

168 2935 171 2946 .
223 2873 396 2976 partium
427 2875 688 2954 coerciturum
716 2872 915 2976 integritas
948 2874 1031 2950 fere
1060 2875 1211 2975 ubique
1242 2875 1292 2951 in

108 3067 111 3072 -
224 3012 464 3118 graminibus
487 3015 744 3118 ¹compensari
769 3018 882 3094 solet.
949 3017 998 3090 ln
1023 3013 1290 3118 Epipbystide
1345 3107 1346 3112 Ἰ

224 3173 363 3230 contra
394 3179 657 3258 ,squamarum
704 3154 912 3234 flosculum
959 3155 1292 3232 constituentium

221 3316 392 3400 utraque
418 3295 555 3374 cadem
580 3298 742 3376 omnino
761 3297 996 3382 substantia,
1025 3321 1149 3398 eaque
1164 3321 1294 3368 mem·

223 3439 412 3546 hronoeeu
437 3455 511 3524 est,
539 3438 774 3528 internodii,
803 3457 849 3517 ut
873 3439 927 3514 ita
952 3436 1080 3512 dicam
1104 3435 1292 3526 rivatus,

222 3601 404 3660 naturam
433 3582 495 3658 vel
521 3605 569 3657 eo
597 3579 879 3682 comprobans,
923 3575 1032 3684 quod
1052 3576 1157 3654 basis
1186 3575 1295 3654 flos-

222 3720 304 3800 culi
342 3691 510 3826 cujusvis
545 3720 759 3823 superioris
796 3749 888 3800 cum
924 3716 1122 3824 inferioris
1165 3715 1293 3819 apice

221 3863 312 3942 calli
342 3885 374 3939 s.
409 3857 580 3967 geniculi
615 3885 691 3968 ope
722 3861 945 3951 articulata,
982 3885 1114 3964 neque
1147 3876 1293 3936 tamen

220 4001 336 4082 facile
362 4000 539 4082 solubilis
564 4001 628 4080 sit.

316 4147 350 4224 E
382 4143 527 4250 quibus
566 4146 774 4242 omnibus,
811 4145 889 4226 nisi
918 4141 1114 4226 obstrictis
1153 4137 1292 4220 oculis
