2714 4942
218 415 242 488 8
550 429 579 483 t.
630 407 701 500 Ad
730 407 938 484 Thaenae.

216 607 365 680 unium
389 599 636 677 individuum
662 602 932 680 evolventibus
948 608 1185 704 compositus
1209 606 1281 692 sit,

218 728 385 846 quodvis¹
420 767 515 814 vero
552 741 821 820 internodium
865 771 887 819 e
925 741 1076 818 duabus
1121 765 1279 820 constet

216 881 393 986 partibus
418 877 696 984 homogeneis;
729 901 898 985 utraque
923 881 1062 956 harum
1086 883 1277 986 partium,

189 1001 291 1126 'pro
316 1017 394 1094 situ
419 1045 490 1096 suo
515 1041 583 1098 aut
608 1025 772 1100 centrali
798 1020 1048 1127 (superiori),
1080 987 1274 1098 autexte·

216 1157 316 1236 niori
331 1158 569 1265 (inferiori),
597 1162 770 1268 indeque
788 1161 1037 1268 dependente
1054 1161 1187 1238 valore
1202 1189 1274 1238 ve·

148 1317 155 1337 ·
217 1298 397 1400 getabili,
440 1329 590 1408 prose
619 1328 750 1380 rursus
783 1302 934 1408 singula
975 1331 1022 1379 ex
1053 1299 1165 1402 apice
1198 1328 1271 1379 suo

217 1419 370 1525 evolvat
386 1437 554 1522 necesse·
566 1461 623 1518 est
638 1469 786 1518 novum
802 1441 1087 1528 internodium,
1122 1441 1272 1520 somnae

148 1669 151 1676 ,
218 1584 351 1660 matris
375 1581 567 1688 peculiari
592 1584 860 1686 respondens3
885 1629 935 1644 -
959 1603 1077 1686 atque
1102 1611 1191 1689 pare
1216 1588 1272 1664 in-

203 1725 391 1804 'ternodii
415 1724 583 1800 interior
608 1749 640 1800 s.
671 1724 852 1827 superior
883 1725 1096 1802 articulum
1125 1754 1273 1803 novum

215 1865 434 1956 culmeum,
461 1867 717 1942 circumcirca
735 1864 911 1940 clausum
934 1889 965 1940 s.
992 1865 1272 1968 cylindricum,

215 2031 306 2108 pars
332 2007 559 2084 exteriore.
585 2001 749 2084 inferior
779 2005 991 2080 articulum
1019 2006 1270 2108 marginibus,

217 2164 264 2222 ut
288 2149 393 2251 ipen,
427 2147 581 2232 liberis,
618 2146 659 2222 in
684 2144 884 2247 plerisque
910 2143 1071 2247 quidem
1095 2147 1268 2250 planum,

218 2307 349 2374 tamen
375 2305 415 2364 et
440 2288 482 2364 in
506 2285 686 2398 plurimis
711 2285 950 2372 involutum,
978 2286 1121 2364 emittit
1145 2289 1270 2378 illurn,

219 2453 339 2532 quem
362 2429 541 2504 laminam
564 2423 725 2527 vaginae
743 2423 933 2500 dicimus:
965 2444 1132 2528 utraque
1148 2455 1193 2504 ex
1210 2431 1273 2508 in-

87 2658 97 2668 ,
218 2567 383 2671 terjecto
407 2543 538 2653 nodo,
582 2561 698 2642 tereti
723 2580 763 2639 et
786 2563 963 2667 perfecto
990 2565 1031 2640 in
1056 2585 1167 2668 parte
1192 2573 1274 2646 cul-

216 2737 322 2798 mea,
366 2703 667 2812 complanatiori
690 2723 759 2780 aut
782 2705 1101 2810 semicylindrico
1130 2728 1171 2787 et
1197 2712 1273 2787 mi-

217 2877 292 2934 uus
318 2849 498 2926 absoluto
525 2847 568 2920 in
593 2865 705 2948 parte
730 2846 917 2952 reginali,
949 2846 1021 2922 ubi
1046 2849 1190 2925 callum
1213 2879 1273 2955 ge·

219 2989 437 3086 nicularem
473 2987 709 3092 plerumque
746 2987 894 3064 referre
930 2987 1043 3063 tolet.
1084 2989 1122 3092 *)
1180 2993 1272 3068 Pars

218 3147 350 3206 autem
379 3128 531 3205 culmea
554 3148 586 3208 e.
614 3127 816 3213 centralis,
855 3153 973 3203 succo
998 3145 1116 3234 atque
1143 3131 1180 3206 vi
1206 3159 1273 3236 ge·

219 3270 371 3346 netrice
396 3269 634 3369 demumque
658 3266 881 3344 seminifera
898 3253 1066 3370 'proprie
1093 3286 1132 3346 et
1154 3271 1273 3358 unice

219 3433 455 3514 praegnans,
498 3426 561 3494 tot
582 3407 780 3514 percurrit
804 3408 1037 3494 evolationis
1067 3411 1273 3492 reiteratae

224 3660 446 3704 ΟΨ

253 3797 279 3862 *)
295 3795 414 3856 Ptams,
443 3812 490 3865 pro
507 3795 646 3862 graminum
663 3791 757 3846 antlia
778 3793 890 3867 alloqtrln
912 3796 1095 3868 quodammodo
1114 3793 1274 3865 peregrinae,

288 3899 394 3935 nereum
417 3881 523 3948 vapore
540 3881 676 3934 carlnalem
698 3897 841 3953 nervosque
862 3885 1018 3952 adjacenter,
1051 3885 1107 3938 loco
1127 3881 1276 3934 cessoeitetie

288 3969 368 4028 illiue,
398 3980 496 4021 tantum
519 3967 544 4020 ln
566 3971 786 4040 psendopetinlum
808 3971 1024 4041 compertissime·
1045 3971 1137 4035 habet;
1160 3979 1276 4022 ettamen

287 4055 378 4122 vagina
393 4063 420 4108 et
432 4055 520 4123 ligula,
537 4053 628 4108 callum
645 4057 813 4126 geniculatam
828 4059 940 4130 tegitirne
955 4057 1114 4132 petulanter
1129 4056 1170 4132 (t,
1186 4055 1276 4130 infre),

289 4153 317 4206 et
332 4143 359 4204 u
375 4141 457 4204 atae
478 4143 679 4206 attractatam
696 4157 764 4208 ruat.
