2714 4942
150 466 152 484 ·
226 447 269 497 ss
549 441 578 492 t.
631 415 701 488 Ad
728 415 966 491 Theoriam„

222 613 334 692 nulla
358 611 431 688 sit:
477 611 649 715 primum
674 617 831 716 vagina,
851 669 853 678 ,
870 637 991 712 quae,
1032 611 1107 685 nisi
1133 639 1205 713 pro
1237 637 1282 689 se

222 753 357 856 potius
376 751 590 829 internodii
614 754 765 830 externi
781 752 954 856 speciem
975 753 1145 839 sisteret,
1174 775 1284 830 certe

221 895 274 970 ad
303 892 548 997 pedunculos
583 893 702 995 magis
742 893 939 992 quemad
976 879 1143 998 peti'olos
1179 897 1284 973 refe·
1343 905 1344 908 ’

220 1035 346 1112 reuda
370 1035 497 1129 foret;
524 1033 670 1110 deinde
694 1034 851 1125 lamina,
884 1035 947 1110 vel
973 1036 1023 1110 oh
1049 1036 1169 1140 ipsius
1194 1039 1287 1112 suh
1343 1113 1344 1116 ,

223 1175 318 1278 jeoti
342 1175 584 1263 fulcimenti,
601 1173 721 1276 quod
745 1199 827 1250 non
853 1175 1022 1278 petiolus
1049 1195 1107 1252 est
1131 1178 1189 1279 *)‚
1217 1179 1282 1253 in-

180 1367 183 1372 ·
224 1315 375 1404 dolam,
419 1317 605 1392 altiorum
636 1315 860 1418 plantarum
891 1316 976 1392 folii
1013 1334 1177 1394 naturae
1216 1345 1287 1393 ex-

149 1456 152 1466 ’
224 1475 366 1556 perte3
406 1455 580 1559 denique
604 1455 739 1558 ligula,
781 1481 900 1558 quae,
928 1453 1004 1528 uisi
1029 1481 1165 1556 reapse
1191 1486 1286 1534 eum

163 1634 170 1652 ·
222 1595 375 1672 valvula
401 1594 509 1670 floris
534 1575 729 1699 superiori
754 1598 971 1700 quidquam
988 1595 1195 1672 commune
1211 1597 1285 1672 ha-

75 1794 77 1801 .
161 1716 176 1740 ”
224 1735 336 1826 beat,
386 1753 515 1812 tamen
540 1739 739 1841 gramineo
764 1741 820 1814 illi
848 1739 903 1815 sic
929 1738 1036 1812 dicto
1061 1736 1157 1814 solio
1183 1737 1283 1815 adeo

223 1875 435 1982 peculiaris
477 1895 552 1964 est,
607 1894 654 1954 ut
689 1878 742 1954 ob
780 1907 865 1956 eam
901 1880 1023 1954 solam
1065 1877 1284 1980 graminum

224 2043 410 2121 squamae
422 2016 512 2094 illae
526 2018 726 2120 elongatae
743 2019 1065 2122 significationem
1081 2019 1280 2122 propriam

144 2259 146 2264 Ι
221 2159 302 2234 sibi
328 2161 528 2262 postulare
552 2159 774 2236 videantur.
824 2161 923 2238 Nam
950 2188 1050 2264 quas
1076 2160 1117 2238 in
1142 2162 1281 2238 Carini-

124 2321 126 2331 '
224 2300 300 2380 bus
327 2319 367 2378 et
399 2297 581 2378 affinibus
611 2301 814 2376 nonnullis
847 2300 981 2376 similis
1013 2301 1282 2378 membranula

225 2441 426 2518 iuvenitur
443 2440 521 2526 ibi,
547 2439 618 2515 ubi
637 2438 775 2516 folium
793 2467 813 2514 a
832 2440 963 2516 culmo
981 2415 1147 2528 recedit,
1173 2471 1282 2519 mera

227 2579 479 2685 epidermidis
505 2569 828 2685 prolongatione,
867 2600 906 2660 ot
932 2581 1093 2682 quidem
1117 2585 1169 2659 ita
1201 2584 1286 2660 forn

225 2743 376 2813 matur,
422 2739 469 2798 ut
500 2720 642 2807 caulis,
685 2720 845 2823 vaginae
882 2723 1094 2802 arctissime
1132 2749 1285 2800 accum-

196 2837 199 2862 '
226 2863 344 2951 bens,
371 2860 546 2967 juvenile
571 2855 711 2940 lolium
735 2863 778 2936 in
803 2861 893 2938 loco
919 2863 1008 2950 illo.
1036 2864 1148 2940 nullo
1166 2891 1285 2965 pror-

226 3035 290 3085 sus
317 3007 419 3084 callo
452 3001 666 3108 geniculari
691 3017 850 3090 notato,
895 3005 994 3080 adeo
1020 3003 1103 3077 sihi!
1119 3006 1283 3108 aggluti-

198 3253 203 3268 ι
226 3167 366 3230 natum
381 3161 534 3237 teneat,
552 3161 598 3222 ut
610 3141 894 3247 epidermidem
910 3142 1154 3238 interiorem,
1172 3117 1298 3226 attra-¹

234 3417 456 3448 'annu—n

184 3591 186 3596 Ι
261 3535 288 3601 ⁸)
304 3531 430 3588 Petiolum
456 3528 533 3586 refert
555 3528 624 3586 basis
650 3527 801 3588 laminarum
821 3529 849 3580 lis
871 3526 1002 3586 nonnullis
1018 3529 1172 3596 graminibus
1193 3529 1291 3586 eximie

295 3619 416 3678 latarum,
444 3617 564 3684 quivero
582 3615 645 3664 nihil
663 3617 767 3668 estnisi
790 3617 845 3690 ipsa
868 3615 1101 3678 sennonteus,
1131 3629 1187 3678 aut.
1215 3629 1242 3670 ut
1259 3621 1289 3674 its

297 3705 397 3774 Olym,
423 3701 555 3766 Pariana,
591 3703 863 3773 compertissimum,
894 3713 937 3762 aut
959 3719 1016 3752 sum
1043 3719 1122 3754 nesso
1144 3701 1228 3754 medio
1250 3705 1288 3757 isa
1343 3727 1344 3730 ¹

223 3813 225 3818 ·
293 3791 490 3850 coufluentium.
507 3799 537 3840 ut
553 3805 586 3840 es
601 3785 650 3837 hoc
667 3789 790 3856 originem
807 3789 898 3842 ducere
914 3789 1064 3854 videntum
1088 3806 1151 3864 quas
1168 3789 1289 3842 formatio

293 3877 482 3936 distinctissime
504 3886 544 3928 ast
559 3875 587 3928 iss
604 3873 703 3927 Punico
718 3873 830 3942 pliosso,
856 3876 932 3951 paulo
948 3877 1034 3942 minus
1050 3877 1078 3932 iu
1095 3875 1195 3931 Pharo.
1227 3877 1287 3930 In-

293 3966 459 4024 minuerem
483 3964 567 4016 nemis
589 3963 699 4034 abipsa
713 3964 782 4024 basi
805 3965 891 4018 statim
906 3961 1023 4024 dilatate.
1041 3963 1156 4017 discretis
1171 3975 1286 4026 nonne.

295 4052 336 4108 vel
358 4053 494 4108 mininie
512 4051 626 4122 quidem
657 4063 686 4104 ut
701 4047 793 4106 Paniai
815 4047 949 4119 Miseri,
974 4049 1111 4122 latissimi,
1128 4043 1165 4106 al.
1157 4083 1184 4122 .,
1208 4066 1288 4126 supa
1343 4077 1344 4098 t

295 4130 387 4196 ssllnsis
403 4135 572 4208 geniculatam
587 4137 700 4212 putten
716 4133 818 4196 sestias
834 4148 904 4196 sons
