<?xml version="1.0" encoding="UTF-8"?>
<!DOCTYPE html PUBLIC "-//W3C//DTD XHTML 1.0 Transitional//EN"
    "http://www.w3.org/TR/xhtml1/DTD/xhtml1-transitional.dtd">
<html xmlns="http://www.w3.org/1999/xhtml" xml:lang="en" lang="en">
 <head>
  <title>
</title>
<meta http-equiv="Content-Type" content="text/html;charset=utf-8" />
  <meta name='ocr-system' content='tesseract 3.04.00' />
  <meta name='ocr-capabilities' content='ocr_page ocr_carea ocr_par ocr_line ocrx_word'/>
</head>
<body>
  <div class='ocr_page' id='page_1' title='image "./degraminibuspan00tringoog_0014.png"; bbox 0 0 2714 4942; ppageno 0'>
   <div class='ocr_carea' id='block_1_1' title="bbox 396 369 1111 486">
    <p class='ocr_par' dir='ltr' id='par_1_1' title="bbox 396 369 1111 486">
     <span class='ocr_line' id='line_1_1' title="bbox 396 369 1111 486; baseline 0.001 -28"><span class='ocrx_word' id='word_1_1' title='bbox 396 409 425 459; x_wconf 79' lang='grc' dir='ltr'>ι.</span> <span class='ocrx_word' id='word_1_2' title='bbox 477 387 547 458; x_wconf 77' lang='lat' dir='ltr'>Ad</span> <span class='ocrx_word' id='word_1_3' title='bbox 575 369 810 460; x_wconf 43' lang='lat' dir='ltr'>Theotimus</span> <span class='ocrx_word' id='word_1_4' title='bbox 1091 415 1111 486; x_wconf 90' lang='lat'><strong>7</strong></span> 
     </span>
    </p>
   </div>
   <div class='ocr_carea' id='block_1_2' title="bbox 88 581 1114 684">
    <p class='ocr_par' dir='ltr' id='par_1_2' title="bbox 88 581 1114 684">
     <span class='ocr_line' id='line_1_2' title="bbox 88 581 1114 684; baseline 0.001 -27"><span class='ocrx_word' id='word_1_5' title='bbox 88 581 197 658; x_wconf 80' lang='lat' dir='ltr'><strong>radice</strong></span> <span class='ocrx_word' id='word_1_6' title='bbox 225 599 373 658; x_wconf 88' lang='lat' dir='ltr'>amotus</span> <span class='ocrx_word' id='word_1_7' title='bbox 404 608 483 660; x_wconf 90' lang='lat' dir='ltr'>esse</span> <span class='ocrx_word' id='word_1_8' title='bbox 509 584 640 660; x_wconf 90' lang='lat' dir='ltr'>debet.</span> <span class='ocrx_word' id='word_1_9' title='bbox 693 584 773 660; x_wconf 88' lang='lat' dir='ltr'>Nec</span> <span class='ocrx_word' id='word_1_10' title='bbox 801 584 940 658; x_wconf 83' lang='lat' dir='ltr'><strong>desunt</strong></span> <span class='ocrx_word' id='word_1_11' title='bbox 972 583 1114 684; x_wconf 80' lang='lat' dir='ltr'><strong>grami-</strong></span> 
     </span>
    </p>
   </div>
   <div class='ocr_carea' id='block_1_3' title="bbox 26 719 1229 3066">
    <p class='ocr_par' dir='ltr' id='par_1_3' title="bbox 89 719 1112 824">
     <span class='ocr_line' id='line_1_3' title="bbox 89 719 1112 824; baseline 0.002 -28"><span class='ocrx_word' id='word_1_12' title='bbox 89 749 164 796; x_wconf 89' lang='lat' dir='ltr'>num</span> <span class='ocrx_word' id='word_1_13' title='bbox 180 721 367 822; x_wconf 84' lang='lat' dir='ltr'>exempla,</span> <span class='ocrx_word' id='word_1_14' title='bbox 398 719 519 800; x_wconf 88' lang='lat' dir='ltr'><strong>unico</strong></span> <span class='ocrx_word' id='word_1_15' title='bbox 539 737 689 797; x_wconf 90' lang='lat' dir='ltr'>tantum</span> <span class='ocrx_word' id='word_1_16' title='bbox 716 724 921 824; x_wconf 76' lang='lat' dir='ltr'><strong>interjecto</strong></span> <span class='ocrx_word' id='word_1_17' title='bbox 947 723 1112 798; x_wconf 87' lang='lat' dir='ltr'><strong>articulo</strong></span> 
     </span>
    </p>

    <p class='ocr_par' dir='ltr' id='par_1_4' title="bbox 86 860 1115 967">
     <span class='ocr_line' id='line_1_4' title="bbox 86 860 1115 967; baseline 0.005 -34"><span class='ocrx_word' id='word_1_18' title='bbox 86 885 109 934; x_wconf 87' lang='lat' dir='ltr'>s.</span> <span class='ocrx_word' id='word_1_19' title='bbox 146 861 365 962; x_wconf 80' lang='lat' dir='ltr'>pedunculo</span> <span class='ocrx_word' id='word_1_20' title='bbox 402 860 620 967; x_wconf 85' lang='lat' dir='ltr'>perfectum</span> <span class='ocrx_word' id='word_1_21' title='bbox 666 860 805 938; x_wconf 88' lang='lat' dir='ltr'>ssorem</span> <span class='ocrx_word' id='word_1_22' title='bbox 848 863 1115 938; x_wconf 85' lang='lat' dir='ltr'>seminiferum</span> 
     </span>
    </p>

    <p class='ocr_par' dir='ltr' id='par_1_5' title="bbox 31 997 1116 1112">
     <span class='ocr_line' id='line_1_5' title="bbox 31 997 1116 1112; baseline 0.003 -39"><span class='ocrx_word' id='word_1_23' title='bbox 31 997 32 1054; x_wconf 58' lang='lat'><em>³</em></span> <span class='ocrx_word' id='word_1_24' title='bbox 86 1025 182 1101; x_wconf 87' lang='lat' dir='ltr'>supra</span> <span class='ocrx_word' id='word_1_25' title='bbox 204 997 686 1112; x_wconf 78' lang='lat' dir='ltr'>radieemproferentium</span> <span class='ocrx_word' id='word_1_26' title='bbox 713 1003 877 1108; x_wconf 68' lang='lat' dir='ltr'>(Milium</span> <span class='ocrx_word' id='word_1_27' title='bbox 902 1003 1116 1102; x_wconf 81' lang='lat' dir='ltr'>amphicar-</span> 
     </span>
    </p>

    <p class='ocr_par' dir='ltr' id='par_1_6' title="bbox 83 1138 1117 1244">
     <span class='ocr_line' id='line_1_6' title="bbox 83 1138 1117 1244; baseline 0.007 -33"><span class='ocrx_word' id='word_1_28' title='bbox 83 1141 185 1239; x_wconf 83' lang='lat' dir='ltr'><strong>pou).·</strong></span> <span class='ocrx_word' id='word_1_29' title='bbox 222 1138 448 1241; x_wconf 77' lang='lat' dir='ltr'>Cuiusmodi</span> <span class='ocrx_word' id='word_1_30' title='bbox 474 1167 568 1217; x_wconf 85' lang='lat' dir='ltr'><strong>vero</strong></span> <span class='ocrx_word' id='word_1_31' title='bbox 593 1142 833 1244; x_wconf 75' lang='lat' dir='ltr'><strong>vegetabile,</strong></span> <span class='ocrx_word' id='word_1_32' title='bbox 876 1171 920 1218; x_wconf 85' lang='lat' dir='ltr'>ex</span> <span class='ocrx_word' id='word_1_33' title='bbox 946 1145 1027 1244; x_wconf 91' lang='lat' dir='ltr'>ipsa</span> <span class='ocrx_word' id='word_1_34' title='bbox 1060 1171 1117 1218; x_wconf 87' lang='lat' dir='ltr'>ra·</span> 
     </span>
    </p>

    <p class='ocr_par' dir='ltr' id='par_1_7' title="bbox 30 1261 1114 1386">
     <span class='ocr_line' id='line_1_7' title="bbox 30 1261 1114 1386; baseline 0.006 -34"><span class='ocrx_word' id='word_1_35' title='bbox 30 1291 31 1362; x_wconf 69' lang='lat' dir='ltr'><strong>t</strong></span> <span class='ocrx_word' id='word_1_36' title='bbox 85 1278 155 1354; x_wconf 88' lang='lat' dir='ltr'>dica</span> <span class='ocrx_word' id='word_1_37' title='bbox 177 1279 425 1384; x_wconf 85' lang='lat' dir='ltr'>floriparum,</span> <span class='ocrx_word' id='word_1_38' title='bbox 478 1298 524 1357; x_wconf 87' lang='lat' dir='ltr'>ut</span> <span class='ocrx_word' id='word_1_39' title='bbox 548 1309 740 1384; x_wconf 82' lang='lat' dir='ltr'>gramen</span> <span class='ocrx_word' id='word_1_40' title='bbox 759 1285 858 1386; x_wconf 50' lang='lat' dir='ltr'>sit„</span> <span class='ocrx_word' id='word_1_41' title='bbox 891 1261 1114 1358; x_wconf 82' lang='lat' dir='ltr'>nodiferum</span> 
     </span>
    </p>

    <p class='ocr_par' dir='ltr' id='par_1_8' title="bbox 87 1420 1148 1526">
     <span class='ocr_line' id='line_1_8' title="bbox 87 1420 1148 1526; baseline 0.005 -32"><span class='ocrx_word' id='word_1_42' title='bbox 87 1446 150 1498; x_wconf 89' lang='lat' dir='ltr'>esse</span> <span class='ocrx_word' id='word_1_43' title='bbox 177 1439 346 1525; x_wconf 87' lang='lat' dir='ltr'><strong>oportet.</strong></span> <span class='ocrx_word' id='word_1_44' title='bbox 397 1420 496 1496; x_wconf 88' lang='lat' dir='ltr'>Nam</span> <span class='ocrx_word' id='word_1_45' title='bbox 532 1448 622 1497; x_wconf 89' lang='lat' dir='ltr'>cum</span> <span class='ocrx_word' id='word_1_46' title='bbox 658 1446 840 1525; x_wconf 80' lang='lat' dir='ltr'>squamae</span> <span class='ocrx_word' id='word_1_47' title='bbox 880 1424 1115 1526; x_wconf 83' lang='lat' dir='ltr'><strong>gramineae,</strong></span> <span class='ocrx_word' id='word_1_48' title='bbox 1144 1439 1148 1452; x_wconf 90' lang='lat'>&#39;</span> 
     </span>
    </p>

    <p class='ocr_par' dir='ltr' id='par_1_9' title="bbox 89 1559 1117 1666">
     <span class='ocr_line' id='line_1_9' title="bbox 89 1559 1117 1666; baseline 0.006 -34"><span class='ocrx_word' id='word_1_49' title='bbox 89 1585 162 1660; x_wconf 90' lang='lat' dir='ltr'>quas</span> <span class='ocrx_word' id='word_1_50' title='bbox 185 1561 340 1638; x_wconf 84' lang='lat' dir='ltr'>florales</span> <span class='ocrx_word' id='word_1_51' title='bbox 368 1586 449 1636; x_wconf 91' lang='lat' dir='ltr'>esse</span> <span class='ocrx_word' id='word_1_52' title='bbox 475 1559 659 1646; x_wconf 81' lang='lat' dir='ltr'>diximus,</span> <span class='ocrx_word' id='word_1_53' title='bbox 700 1566 863 1666; x_wconf 86' lang='lat' dir='ltr'><strong>proprie</strong></span> <span class='ocrx_word' id='word_1_54' title='bbox 890 1587 1024 1637; x_wconf 88' lang='lat' dir='ltr'>omnes</span> <span class='ocrx_word' id='word_1_55' title='bbox 1046 1589 1117 1638; x_wconf 80' lang='lat' dir='ltr'>-va-</span> 
     </span>
    </p>

    <p class='ocr_par' dir='ltr' id='par_1_10' title="bbox 89 1701 1116 1805">
     <span class='ocr_line' id='line_1_10' title="bbox 89 1701 1116 1805; baseline 0.006 -31"><span class='ocrx_word' id='word_1_56' title='bbox 89 1702 206 1803; x_wconf 75' lang='lat' dir='ltr'>qinales</span> <span class='ocrx_word' id='word_1_57' title='bbox 229 1703 330 1788; x_wconf 86' lang='lat' dir='ltr'><strong>sint,</strong></span> <span class='ocrx_word' id='word_1_58' title='bbox 365 1701 503 1803; x_wconf 80' lang='lat' dir='ltr'>vagina</span> <span class='ocrx_word' id='word_1_59' title='bbox 527 1729 620 1778; x_wconf 80' lang='lat' dir='ltr'><strong>vero</strong></span> <span class='ocrx_word' id='word_1_60' title='bbox 648 1702 794 1805; x_wconf 87' lang='lat' dir='ltr'>absque</span> <span class='ocrx_word' id='word_1_61' title='bbox 820 1705 927 1780; x_wconf 90' lang='lat' dir='ltr'>nodo</span> <span class='ocrx_word' id='word_1_62' title='bbox 954 1704 1116 1805; x_wconf 84' lang='lat' dir='ltr'><strong>cogitari</strong></span> 
     </span>
    </p>

    <p class='ocr_par' dir='ltr' id='par_1_11' title="bbox 90 1843 1229 1950">
     <span class='ocr_line' id='line_1_11' title="bbox 90 1843 1229 1950; baseline 0.002 -36"><span class='ocrx_word' id='word_1_63' title='bbox 90 1843 231 1944; x_wconf 69' lang='lat' dir='ltr'>nequeat</span> <span class='ocrx_word' id='word_1_64' title='bbox 255 1843 315 1943; x_wconf 84' lang='lat'>*)‚</span> <span class='ocrx_word' id='word_1_65' title='bbox 344 1867 501 1943; x_wconf 85' lang='lat' dir='ltr'>gramen</span> <span class='ocrx_word' id='word_1_66' title='bbox 530 1843 677 1945; x_wconf 86' lang='lat' dir='ltr'>ipsum,</span> <span class='ocrx_word' id='word_1_67' title='bbox 708 1869 785 1950; x_wconf 82' lang='lat' dir='ltr'>qua</span> <span class='ocrx_word' id='word_1_68' title='bbox 812 1845 904 1950; x_wconf 85' lang='lat' dir='ltr'>tale,¹</span> <span class='ocrx_word' id='word_1_69' title='bbox 933 1870 1014 1920; x_wconf 89' lang='lat' dir='ltr'>non</span> <span class='ocrx_word' id='word_1_70' title='bbox 1040 1845 1117 1920; x_wconf 89' lang='lat' dir='ltr'>nisi</span> <span class='ocrx_word' id='word_1_71' title='bbox 1224 1905 1229 1916; x_wconf 91' lang='lat'><strong><em>.</em></strong></span> 
     </span>
    </p>

    <p class='ocr_par' dir='ltr' id='par_1_12' title="bbox 91 1980 1118 2086">
     <span class='ocr_line' id='line_1_12' title="bbox 91 1980 1118 2086; baseline 0.007 -34"><span class='ocrx_word' id='word_1_72' title='bbox 91 1980 254 2058; x_wconf 86' lang='lat' dir='ltr'>nodosum</span> <span class='ocrx_word' id='word_1_73' title='bbox 297 2007 379 2059; x_wconf 89' lang='lat' dir='ltr'>esse</span> <span class='ocrx_word' id='word_1_74' title='bbox 418 2007 554 2086; x_wconf 89' lang='lat' dir='ltr'>posse,</span> <span class='ocrx_word' id='word_1_75' title='bbox 598 1999 740 2086; x_wconf 88' lang='lat' dir='ltr'><strong>sponte</strong></span> <span class='ocrx_word' id='word_1_76' title='bbox 773 1985 962 2084; x_wconf 87' lang='lat' dir='ltr'>sequitur.</span> <span class='ocrx_word' id='word_1_77' title='bbox 1032 1985 1118 2085; x_wconf 87' lang='lat' dir='ltr'>Qua</span> 
     </span>
    </p>

    <p class='ocr_par' dir='ltr' id='par_1_13' title="bbox 27 2120 1120 2234">
     <span class='ocr_line' id='line_1_13' title="bbox 27 2120 1120 2234; baseline 0.006 -41"><span class='ocrx_word' id='word_1_78' title='bbox 27 2193 28 2234; x_wconf 27' lang='lat' dir='ltr'><strong>p</strong></span> <span class='ocrx_word' id='word_1_79' title='bbox 93 2120 211 2199; x_wconf 84' lang='lat' dir='ltr'><strong>ratione</strong></span> <span class='ocrx_word' id='word_1_80' title='bbox 235 2123 358 2198; x_wconf 89' lang='lat' dir='ltr'>simul</span> <span class='ocrx_word' id='word_1_81' title='bbox 381 2120 479 2198; x_wconf 91' lang='lat' dir='ltr'>nodi</span> <span class='ocrx_word' id='word_1_82' title='bbox 505 2140 544 2199; x_wconf 88' lang='lat' dir='ltr'>et</span> <span class='ocrx_word' id='word_1_83' title='bbox 573 2122 796 2224; x_wconf 82' lang='lat' dir='ltr'><strong>internodia</strong></span> <span class='ocrx_word' id='word_1_84' title='bbox 832 2125 952 2198; x_wconf 89' lang='lat' dir='ltr'>culmi</span> <span class='ocrx_word' id='word_1_85' title='bbox 977 2126 1120 2226; x_wconf 83' lang='lat' dir='ltr'><strong>grami-</strong></span> 
     </span>
    </p>

    <p class='ocr_par' dir='ltr' id='par_1_14' title="bbox 26 2253 1118 2366">
     <span class='ocr_line' id='line_1_14' title="bbox 26 2253 1118 2366; baseline 0.006 -33"><span class='ocrx_word' id='word_1_86' title='bbox 26 2253 28 2264; x_wconf 54' lang='lat'>&#39;&#39;</span> <span class='ocrx_word' id='word_1_87' title='bbox 101 2259 156 2352; x_wconf 83' lang='lat' dir='ltr'>nei,</span> <span class='ocrx_word' id='word_1_88' title='bbox 189 2263 230 2338; x_wconf 91' lang='lat' dir='ltr'>b.</span> <span class='ocrx_word' id='word_1_89' title='bbox 269 2291 307 2342; x_wconf 87' lang='lat' dir='ltr'>e.</span> <span class='ocrx_word' id='word_1_90' title='bbox 339 2262 646 2366; x_wconf 84' lang='lat' dir='ltr'>interceptiones</span> <span class='ocrx_word' id='word_1_91' title='bbox 676 2263 796 2336; x_wconf 87' lang='lat' dir='ltr'>caulis</span> <span class='ocrx_word' id='word_1_92' title='bbox 830 2263 1048 2366; x_wconf 86' lang='lat' dir='ltr'><strong>completae</strong></span> <span class='ocrx_word' id='word_1_93' title='bbox 1079 2278 1118 2340; x_wconf 89' lang='lat' dir='ltr'>et</span> 
     </span>
    </p>

    <p class='ocr_par' dir='ltr' id='par_1_15' title="bbox 26 2381 1118 2508">
     <span class='ocr_line' id='line_1_15' title="bbox 26 2381 1118 2508; baseline 0.01 -39"><span class='ocrx_word' id='word_1_94' title='bbox 26 2399 27 2402; x_wconf 72' lang='grc'>’</span> <span class='ocrx_word' id='word_1_95' title='bbox 97 2405 282 2481; x_wconf 85' lang='lat' dir='ltr'>necessario</span> <span class='ocrx_word' id='word_1_96' title='bbox 306 2406 506 2508; x_wconf 81' lang='lat' dir='ltr'><strong>vaginatae</strong></span> <span class='ocrx_word' id='word_1_97' title='bbox 531 2427 713 2504; x_wconf 87' lang='lat' dir='ltr'>novaque</span> <span class='ocrx_word' id='word_1_98' title='bbox 738 2405 887 2507; x_wconf 84' lang='lat' dir='ltr'>singula</span> <span class='ocrx_word' id='word_1_99' title='bbox 913 2381 1006 2479; x_wconf 89' lang='lat' dir='ltr'>inde</span> <span class='ocrx_word' id='word_1_100' title='bbox 1033 2419 1118 2480; x_wconf 81' lang='lat' dir='ltr'><strong>orta</strong></span> 
     </span>
    </p>

    <p class='ocr_par' dir='ltr' id='par_1_16' title="bbox 92 2537 1119 2648">
     <span class='ocr_line' id='line_1_16' title="bbox 92 2537 1119 2648; baseline 0.01 -39"><span class='ocrx_word' id='word_1_101' title='bbox 92 2537 288 2631; x_wconf 82' lang='lat' dir='ltr'>individua,</span> <span class='ocrx_word' id='word_1_102' title='bbox 316 2571 338 2618; x_wconf 91' lang='lat' dir='ltr'>a</span> <span class='ocrx_word' id='word_1_103' title='bbox 356 2543 468 2620; x_wconf 88' lang='lat' dir='ltr'>nodis</span> <span class='ocrx_word' id='word_1_104' title='bbox 488 2561 526 2620; x_wconf 92' lang='lat' dir='ltr'>et</span> <span class='ocrx_word' id='word_1_105' title='bbox 542 2541 774 2624; x_wconf 82' lang='lat' dir='ltr'><strong>internodiis</strong></span> <span class='ocrx_word' id='word_1_106' title='bbox 791 2543 845 2646; x_wconf 83' lang='lat' dir='ltr'>sio</span> <span class='ocrx_word' id='word_1_107' title='bbox 872 2541 984 2648; x_wconf 84' lang='lat' dir='ltr'>dictis</span> <span class='ocrx_word' id='word_1_108' title='bbox 1002 2545 1119 2620; x_wconf 90' lang='lat' dir='ltr'><strong>altio·</strong></span> 
     </span>
    </p>

    <p class='ocr_par' dir='ltr' id='par_1_17' title="bbox 84 2684 1119 2926">
     <span class='ocr_line' id='line_1_17' title="bbox 89 2684 1119 2787; baseline 0.006 -31"><span class='ocrx_word' id='word_1_109' title='bbox 89 2705 154 2757; x_wconf 81' lang='lat' dir='ltr'>rum</span> <span class='ocrx_word' id='word_1_110' title='bbox 183 2684 429 2786; x_wconf 87' lang='lat' dir='ltr'>plantarum,</span> <span class='ocrx_word' id='word_1_111' title='bbox 474 2685 709 2787; x_wconf 85' lang='lat' dir='ltr'>quibuscum</span> <span class='ocrx_word' id='word_1_112' title='bbox 748 2685 864 2758; x_wconf 88' lang='lat' dir='ltr'>etiam</span> <span class='ocrx_word' id='word_1_113' title='bbox 896 2712 918 2758; x_wconf 90' lang='lat' dir='ltr'>a</span> <span class='ocrx_word' id='word_1_114' title='bbox 952 2685 1002 2759; x_wconf 87' lang='lat' dir='ltr'>ol.</span> <span class='ocrx_word' id='word_1_115' title='bbox 1031 2711 1119 2762; x_wconf 89' lang='lat' dir='ltr'><strong>oen·</strong></span> 
     </span>
     <span class='ocr_line' id='line_1_18' title="bbox 84 2823 1082 2926; baseline 0.011 -37"><span class='ocrx_word' id='word_1_116' title='bbox 84 2840 155 2898; x_wconf 76' lang='lat' dir='ltr'>¹sore</span> <span class='ocrx_word' id='word_1_117' title='bbox 178 2823 497 2910; x_wconf 85' lang='lat' dir='ltr'>confunduntur,</span> <span class='ocrx_word' id='word_1_118' title='bbox 531 2825 635 2902; x_wconf 90' lang='lat' dir='ltr'><strong>ultro</strong></span> <span class='ocrx_word' id='word_1_119' title='bbox 664 2825 981 2904; x_wconf 83' lang='lat' dir='ltr'>discriminantur</span> <span class='ocrx_word' id='word_1_120' title='bbox 1009 2824 1082 2926; x_wconf 89' lang='lat'><strong>**).</strong></span> 
     </span>
    </p>

    <p class='ocr_par' dir='ltr' id='par_1_18' title="bbox 162 2964 1120 3066">
     <span class='ocr_line' id='line_1_19' title="bbox 162 2964 1120 3066; baseline 0.004 -30"><span class='ocrx_word' id='word_1_121' title='bbox 162 2965 247 3036; x_wconf 83' lang='lat' dir='ltr'>dam</span> <span class='ocrx_word' id='word_1_122' title='bbox 276 2989 366 3038; x_wconf 91' lang='lat' dir='ltr'>cum</span> <span class='ocrx_word' id='word_1_123' title='bbox 392 2964 542 3038; x_wconf 74' lang='lat' dir='ltr'>cadmus</span> <span class='ocrx_word' id='word_1_124' title='bbox 569 2965 786 3066; x_wconf 83' lang='lat' dir='ltr'>gramineus</span> <span class='ocrx_word' id='word_1_125' title='bbox 821 2991 841 3036; x_wconf 89' lang='lat' dir='ltr'>e</span> <span class='ocrx_word' id='word_1_126' title='bbox 871 2965 969 3037; x_wconf 84' lang='lat' dir='ltr'>veris</span> <span class='ocrx_word' id='word_1_127' title='bbox 1003 2977 1120 3064; x_wconf 85' lang='lat' dir='ltr'>atque</span> 
     </span>
    </p>
   </div>
   <div class='ocr_carea' id='block_1_4' title="bbox 25 3101 1118 3210">
    <p class='ocr_par' dir='ltr' id='par_1_19' title="bbox 25 3101 1118 3210">
     <span class='ocr_line' id='line_1_20' title="bbox 25 3101 1118 3210; baseline 0.01 -41"><span class='ocrx_word' id='word_1_128' title='bbox 25 3137 26 3150; x_wconf 30' lang='grc' dir='ltr'><strong>κ</strong></span> <span class='ocrx_word' id='word_1_129' title='bbox 86 3101 240 3194; x_wconf 80' lang='lat' dir='ltr'>genuinis</span> <span class='ocrx_word' id='word_1_130' title='bbox 271 3101 503 3178; x_wconf 86' lang='lat' dir='ltr'><strong>internodiis</strong></span> <span class='ocrx_word' id='word_1_131' title='bbox 529 3101 569 3176; x_wconf 93' lang='lat' dir='ltr'>h.</span> <span class='ocrx_word' id='word_1_132' title='bbox 591 3131 625 3179; x_wconf 90' lang='lat' dir='ltr'>e.</span> <span class='ocrx_word' id='word_1_133' title='bbox 647 3104 818 3178; x_wconf 87' lang='lat' dir='ltr'>articulis</span> <span class='ocrx_word' id='word_1_134' title='bbox 846 3131 892 3210; x_wconf 78' lang='lat' dir='ltr'>era</span> <span class='ocrx_word' id='word_1_135' title='bbox 918 3104 1030 3206; x_wconf 85' lang='lat' dir='ltr'><strong>apice</strong></span> <span class='ocrx_word' id='word_1_136' title='bbox 1049 3127 1118 3180; x_wconf 83' lang='lat' dir='ltr'>suo</span> 
     </span>
    </p>
   </div>
   <div class='ocr_carea' id='block_1_5' title="bbox 83 3343 286 3369">
    <p class='ocr_par' dir='ltr' id='par_1_20' title="bbox 83 3343 286 3369">
     <span class='ocr_line' id='line_1_21' title="bbox 83 3343 286 3369; baseline 0.01 -2"><span class='ocrx_word' id='word_1_137' title='bbox 83 3343 286 3369; x_wconf 62' lang='grc' dir='ltr'>..Ι-ιι.-</span> 
     </span>
    </p>
   </div>
   <div class='ocr_carea' id='block_1_6' title="bbox 107 3459 1120 3606">
    <p class='ocr_par' dir='ltr' id='par_1_21' title="bbox 107 3459 1120 3606">
     <span class='ocr_line' id='line_1_22' title="bbox 107 3459 1120 3536; baseline 0.006 -22"><span class='ocrx_word' id='word_1_138' title='bbox 107 3459 129 3526; x_wconf 78' lang='lat'>*)</span> <span class='ocrx_word' id='word_1_139' title='bbox 141 3463 216 3526; x_wconf 82' lang='lat' dir='ltr'><strong>„Mr&#39;t</strong></span> <span class='ocrx_word' id='word_1_140' title='bbox 242 3462 300 3516; x_wconf 75' lang='lat' dir='ltr'>dem</span> <span class='ocrx_word' id='word_1_141' title='bbox 324 3463 428 3517; x_wconf 65' lang='lat' dir='ltr'>aaaron</span> <span class='ocrx_word' id='word_1_142' title='bbox 457 3461 558 3514; x_wconf 77' lang='lat' dir='ltr'>istriae</span> <span class='ocrx_word' id='word_1_143' title='bbox 581 3461 780 3516; x_wconf 77' lang='lat' dir='ltr'>Seheidenblatt</span> <span class='ocrx_word' id='word_1_144' title='bbox 798 3465 962 3536; x_wconf 60' lang='lat' dir='ltr'>petbwaendig</span> <span class='ocrx_word' id='word_1_145' title='bbox 987 3465 1120 3535; x_wconf 78' lang='lat' dir='ltr'>gegeben”</span> 
     </span>
     <span class='ocr_line' id='line_1_23' title="bbox 134 3546 439 3606; baseline 0.013 -6"><span class='ocrx_word' id='word_1_146' title='bbox 134 3546 249 3606; x_wconf 76' lang='lat' dir='ltr'>Onul.</span> <span class='ocrx_word' id='word_1_147' title='bbox 267 3553 286 3604; x_wconf 91' lang='grc' dir='ltr'>Ι.</span> <span class='ocrx_word' id='word_1_148' title='bbox 303 3569 348 3604; x_wconf 90' lang='lat' dir='ltr'>no.</span> <span class='ocrx_word' id='word_1_149' title='bbox 365 3554 439 3606; x_wconf 77' lang='lat'>1622.</span> 
     </span>
    </p>
   </div>
   <div class='ocr_carea' id='block_1_7' title="bbox 96 3687 1119 4200">
    <p class='ocr_par' dir='ltr' id='par_1_22' title="bbox 96 3687 1119 4200">
     <span class='ocr_line' id='line_1_24' title="bbox 96 3687 1119 3763; baseline 0.004 -19"><span class='ocrx_word' id='word_1_150' title='bbox 96 3687 127 3752; x_wconf 70' lang='lat'>“)</span> <span class='ocrx_word' id='word_1_151' title='bbox 142 3691 266 3762; x_wconf 80' lang='lat' dir='ltr'>Quamvis</span> <span class='ocrx_word' id='word_1_152' title='bbox 281 3710 322 3746; x_wconf 83' lang='lat' dir='ltr'>me</span> <span class='ocrx_word' id='word_1_153' title='bbox 341 3709 394 3744; x_wconf 88' lang='lat' dir='ltr'>non</span> <span class='ocrx_word' id='word_1_154' title='bbox 412 3693 497 3761; x_wconf 79' lang='lat' dir='ltr'>sugat,</span> <span class='ocrx_word' id='word_1_155' title='bbox 524 3693 579 3746; x_wconf 78' lang='lat' dir='ltr'><strong>viro</strong></span> <span class='ocrx_word' id='word_1_156' title='bbox 595 3691 633 3744; x_wconf 88' lang='lat' dir='ltr'><strong>illi</strong></span> <span class='ocrx_word' id='word_1_157' title='bbox 656 3691 800 3745; x_wconf 84' lang='lat' dir='ltr'>doctissimo</span> <span class='ocrx_word' id='word_1_158' title='bbox 822 3692 881 3744; x_wconf 78' lang='lat' dir='ltr'><strong>folin</strong></span> <span class='ocrx_word' id='word_1_159' title='bbox 897 3691 1119 3763; x_wconf 77' lang='lat' dir='ltr'><strong>Dicotyiedonen·</strong></span> 
     </span>
     <span class='ocr_line' id='line_1_25' title="bbox 135 3779 1118 3854; baseline 0.006 -23"><span class='ocrx_word' id='word_1_160' title='bbox 135 3795 215 3832; x_wconf 82' lang='lat' dir='ltr'>mma</span> <span class='ocrx_word' id='word_1_161' title='bbox 231 3779 301 3832; x_wconf 88' lang='lat' dir='ltr'>nodo</span> <span class='ocrx_word' id='word_1_162' title='bbox 317 3782 402 3851; x_wconf 83' lang='lat' dir='ltr'><strong>potine</strong></span> <span class='ocrx_word' id='word_1_163' title='bbox 418 3799 463 3842; x_wconf 81' lang='lat' dir='ltr'>eo,</span> <span class='ocrx_word' id='word_1_164' title='bbox 502 3781 545 3850; x_wconf 81' lang='lat' dir='ltr'>qni</span> <span class='ocrx_word' id='word_1_165' title='bbox 560 3779 629 3832; x_wconf 88' lang='lat' dir='ltr'>nodo</span> <span class='ocrx_word' id='word_1_166' title='bbox 646 3797 733 3834; x_wconf 87' lang='lat' dir='ltr'>eorum</span> <span class='ocrx_word' id='word_1_167' title='bbox 754 3779 842 3850; x_wconf 70' lang='lat' dir='ltr'>natali¹</span> <span class='ocrx_word' id='word_1_168' title='bbox 853 3781 967 3854; x_wconf 79' lang='lat' dir='ltr'>proxime</span> <span class='ocrx_word' id='word_1_169' title='bbox 984 3783 1118 3845; x_wconf 71' lang='lat' dir='ltr'>antecedit,</span> 
     </span>
     <span class='ocr_line' id='line_1_26' title="bbox 133 3863 1119 3940; baseline 0.003 -23"><span class='ocrx_word' id='word_1_170' title='bbox 133 3867 237 3918; x_wconf 77' lang='lat' dir='ltr'>oriunda</span> <span class='ocrx_word' id='word_1_171' title='bbox 254 3866 312 3920; x_wconf 86' lang='lat' dir='ltr'>dici.</span> <span class='ocrx_word' id='word_1_172' title='bbox 346 3868 420 3940; x_wconf 78' lang='lat' dir='ltr'>Quae</span> <span class='ocrx_word' id='word_1_173' title='bbox 435 3867 540 3940; x_wconf 84' lang='lat' dir='ltr'>quidem</span> <span class='ocrx_word' id='word_1_174' title='bbox 556 3883 600 3920; x_wconf 78' lang='lat' dir='ltr'>rea</span> <span class='ocrx_word' id='word_1_175' title='bbox 612 3863 655 3918; x_wconf 83' lang='lat' dir='ltr'>vel</span> <span class='ocrx_word' id='word_1_176' title='bbox 672 3867 693 3918; x_wconf 81' lang='lat' dir='ltr'>si</span> <span class='ocrx_word' id='word_1_177' title='bbox 709 3868 743 3920; x_wconf 79' lang='lat' dir='ltr'>iu</span> <span class='ocrx_word' id='word_1_178' title='bbox 760 3881 787 3920; x_wconf 79' lang='lat' dir='ltr'>ae</span> <span class='ocrx_word' id='word_1_179' title='bbox 804 3865 923 3925; x_wconf 78' lang='lat' dir='ltr'>baberet,</span> <span class='ocrx_word' id='word_1_180' title='bbox 940 3878 1025 3920; x_wconf 83' lang='lat' dir='ltr'>temen</span> <span class='ocrx_word' id='word_1_181' title='bbox 1042 3867 1119 3920; x_wconf 82' lang='lat' dir='ltr'><strong>aitio-</strong></span> 
     </span>
     <span class='ocr_line' id='line_1_27' title="bbox 135 3952 1117 4026; baseline 0.002 -22"><span class='ocrx_word' id='word_1_182' title='bbox 135 3969 185 4005; x_wconf 80' lang='lat' dir='ltr'>rem</span> <span class='ocrx_word' id='word_1_183' title='bbox 200 3952 283 4006; x_wconf 87' lang='lat' dir='ltr'>multo</span> <span class='ocrx_word' id='word_1_184' title='bbox 299 3973 344 4025; x_wconf 88' lang='lat' dir='ltr'>per</span> <span class='ocrx_word' id='word_1_185' title='bbox 366 3971 394 4010; x_wconf 80' lang='lat' dir='ltr'>ee</span> <span class='ocrx_word' id='word_1_186' title='bbox 417 3958 473 4026; x_wconf 86' lang='lat' dir='ltr'>ipsa</span> <span class='ocrx_word' id='word_1_187' title='bbox 489 3954 630 4006; x_wconf 73' lang='lat' dir='ltr'><strong>involveret</strong></span> <span class='ocrx_word' id='word_1_188' title='bbox 646 3953 764 4006; x_wconf 79' lang='lat' dir='ltr'>soliorum</span> <span class='ocrx_word' id='word_1_189' title='bbox 781 3953 1042 4023; x_wconf 79' lang='lat' dir='ltr'><strong>Dicotyledoneorurn</strong></span> <span class='ocrx_word' id='word_1_190' title='bbox 1059 3971 1117 4006; x_wconf 86' lang='lat' dir='ltr'>rne-</span> 
     </span>
     <span class='ocr_line' id='line_1_28' title="bbox 134 4040 1119 4114; baseline -0.002 -22"><span class='ocrx_word' id='word_1_191' title='bbox 134 4041 323 4111; x_wconf 75' lang='lat' dir='ltr'>umorphorin,</span> <span class='ocrx_word' id='word_1_192' title='bbox 351 4061 425 4114; x_wconf 77' lang='lat' dir='ltr'>qnam</span> <span class='ocrx_word' id='word_1_193' title='bbox 441 4041 581 4112; x_wconf 80' lang='lat' dir='ltr'>graminum</span> <span class='ocrx_word' id='word_1_194' title='bbox 604 4041 709 4110; x_wconf 75' lang='lat' dir='ltr'>vaginae</span> <span class='ocrx_word' id='word_1_195' title='bbox 732 4041 762 4092; x_wconf 88' lang='lat' dir='ltr'>ab</span> <span class='ocrx_word' id='word_1_196' title='bbox 783 4040 925 4091; x_wconf 85' lang='lat' dir='ltr'><strong>internodio</strong></span> <span class='ocrx_word' id='word_1_197' title='bbox 950 4056 996 4092; x_wconf 78' lang='lat' dir='ltr'>auo</span> <span class='ocrx_word' id='word_1_198' title='bbox 1019 4053 1119 4110; x_wconf 73' lang='lat' dir='ltr'>semper</span> 
     </span>
     <span class='ocr_line' id='line_1_29' title="bbox 136 4124 980 4200; baseline -0.001 -22"><span class='ocrx_word' id='word_1_199' title='bbox 136 4124 244 4190; x_wconf 73' lang='lat' dir='ltr'>solutas,</span> <span class='ocrx_word' id='word_1_200' title='bbox 261 4140 288 4182; x_wconf 88' lang='lat' dir='ltr'>ut</span> <span class='ocrx_word' id='word_1_201' title='bbox 304 4135 452 4199; x_wconf 78' lang='lat' dir='ltr'>praesertim</span> <span class='ocrx_word' id='word_1_202' title='bbox 469 4149 484 4184; x_wconf 83' lang='lat' dir='ltr'>e</span> <span class='ocrx_word' id='word_1_203' title='bbox 500 4128 579 4181; x_wconf 77' lang='lat' dir='ltr'>surius</span> <span class='ocrx_word' id='word_1_204' title='bbox 595 4126 671 4200; x_wconf 81' lang='lat' dir='ltr'>modo</span> <span class='ocrx_word' id='word_1_205' title='bbox 689 4126 845 4196; x_wconf 79' lang='lat' dir='ltr'>exponendis</span> <span class='ocrx_word' id='word_1_206' title='bbox 863 4125 980 4179; x_wconf 81' lang='lat' dir='ltr'>elucebit.</span> 
     </span>
    </p>
   </div>
   <div class='ocr_carea' id='block_1_8' title="bbox 0 0 1381 4942">
    <p class='ocr_par' dir='ltr' id='par_1_23' title="bbox 0 0 1381 4942">
     <span class='ocr_line' id='line_1_30' title="bbox 0 0 1381 4942; baseline 0 0"><span class='ocrx_word' id='word_1_207' title='bbox 0 0 1381 4942; x_wconf 95' lang='lat' dir='ltr'> </span> 
     </span>
    </p>
   </div>
  </div>
 </body>
</html>
