2714 4942
243 372 286 444 ιθ
573 389 601 441 1.
654 367 725 439 Ad
754 367 963 445 vicariam.
1076 441 1079 449 ,

244 533 247 545 ¹
345 565 453 664 Quae
471 583 645 644 ceterum
663 595 685 641 a
701 595 765 646 me
783 568 868 673 ipse
891 567 1071 645 subtilius
1097 569 1298 646 distinctae

246 703 555 822 modificationes
587 707 924 804 inflorescentiae‚
965 709 1117 816 ubique
1148 711 1190 787 in
1215 713 1300 787 Dis-

167 841 170 846 ’
245 861 339 924 sert.
366 872 477 924 meae
505 866 617 952 parte
641 850 814 954 practica
841 829 1039 955 {primam
1063 851 1167 928 inter
1191 871 1300 930 notas

247 984 481 1068 characteris
510 989 683 1094 generici
711 992 838 1068 aciem
862 985 1057 1069 tenentcs”
1083 987 1299 1090 (Discerne

248 1135 285 1202 l.
313 1156 354 1231 p.
386 1134 492 1230 107),
532 1126 672 1242 quanti
711 1133 838 1220 „haee
871 1133 1070 1208 rationum
1100 1132 1299 1234 generice⁴

244 1297 335 1344 rum
357 1269 555 1373 symbola”
580 1297 611 1368 a*
627 1299 689 1349 me
713 1273 955 1358 habeantur,
991 1271 1083 1346 satis
1105 1297 1301 1376 superque·

246 1409 521 1513 comprobant.
574 1411 736 1488 Easdem
753 1437 848 1488 vero
867 1433 1056 1515 generum
1069 1410 1302 1516 distinguer·

244 1550 387 1626 dorum
420 1551 520 1652 ipsas
553 1558 717 1628 rattones
749 1554 884 1629 sistere
908 1575 991 1630 uon
1017 1577 1152 1654 posse,
1195 1552 1299 1630 haud

244 1692 372 1768 minus
411 1693 620 1795 perspicue
657 1693 868 1796 explicasse
897 1686 996 1770 mihi
1020 1691 1159 1768 videor
1197 1694 1297 1792 (1.1,

246 1833 341 1935 Cap.
380 1834 448 1911 lv.
486 1834 527 1934 S
558 1863 578 1912 a
617 1851 657 1910 et
690 1837 764 1936 18).
818 1831 866 1908 ld
902 1851 1034 1910 autem
1070 1829 1132 1907 vel
1168 1859 1216 1908 ex
1252 1859 1298 1909 eo

245 1971 563 2077 cognoscendum
588 1973 711 2058 foret,
739 1972 849 2076 quod
873 1967 1097 2078 amplissimi
1122 1991 1298 2049 stemma·

247 2115 294 2186 tis
324 2113 514 2216 graminei
545 2141 665 2217 genus
699 2111 800 2190 illud
830 2114 1054 2217 proavimm
1086 2115 1168 2192 sive
1196 2113 1291 2190 radi·

246 2253 348 2340 cale,
388 2253 498 2357 quod
523 2255 760 2360 Epiphyslin
792 2254 1033 2345 vocavimus,
1079 2283 1162 2333 non
1194 2255 1295 2330 illico

243 2396 284 2470 in
305 2417 448 2497 genera
472 2393 571 2482 duo,
614 2393 696 2474 sed⁴
712 2421 793 2472 non
826 2393 903 2472 nisi
932 2393 975 2473 in
1005 2393 1155 2501 generis
1185 2395 1298 2470 nnius
1319 2401 1337 2424 ¹

232 2519 450 2637 ¹(Ophiuri)
487 2505 633 2638 *species
671 2537 767 2611 duas
804 2511 972 2612 divisum
1007 2534 1178 2640 legitime
1212 2557 1300 2638 pro·

244 2673 354 2775 gredi
372 2677 506 2778 possit.
545 2677 776 2754 Internodia
794 2675 901 2754 enim
917 2671 1198 2782 Epiphystidis
1226 2705 1298 2752 ma·

244 2817 342 2892 teria
380 2815 509 2896 llorali
550 2820 627 2922 jam
663 2820 826 2896 uberius
857 2832 1097 2922 praegnante
1130 2817 1296 2892 intume-

241 2959 410 3043 scentia,
463 2979 531 3039 aut
568 2989 615 3039 ex
651 2959 777 3037 altero
813 2972 966 3036 tantum
1002 2953 1124 3036 latere
1160 2958 1298 3033 florem

243 3099 428 3178 emittunt
456 3099 680 3203 ’(Ορῆἰιινιω
704 3095 979 3200 corymbum),
1024 3117 1092 3173 aut
1117 3123 1163 3174 ex
1187 3113 1296 3176 uuo*

243 3265 321 3341 que
354 3241 567 3344 (Ophiurua
587 3241 848 3342 perforatus);
892 3261 915 3314 e
941 3264 1018 3339 qua
1044 3235 1296 3324 dichotomia,

241 3378 356 3456 altius
382 3380 570 3482 gradatim
597 3379 862 3456 dichotomice
888 3373 1156 3482 prolificante,
1189 3379 1298 3456 inflo-

241 3521 478 3605 resceutiae,
525 3520 620 3598 hine
650 3515 902 3598 unilaterales
936 3513 1093 3606 cristae,
1137 3518 1296 3606 racemi,

240 3655 334 3735 inde
351 3660 571 3739 bilaterales
593 3679 633 3740 et
648 3655 1002 3739 semiverti'cillatae
1020 3661 1199 3748 caducei,
1228 3688 1301 3762 pa·

238 3797 414 3888 niculae,
454 3803 495 3879 in
522 3803 658 3906 thyrso
685 3821 725 3882 et
748 3796 841 3904 julia
866 3828 998 3878 rursus
1028 3823 1167 3880 mutuo
1193 3803 1296 3877 inter

238 3963 280 4013 se
298 3943 501 4021 connubio
519 3945 696 4046 junctae,
716 3943 859 4016 sensim
877 3941 1143 4044 egrediuntur.
1189 3945 1297 4042 Quae

241 4105 336 4157 vero
363 4083 484 4158 totius
510 4082 677 4159 familiae
696 4101 819 4182 tanta,
847 4084 1164 4163 internodiorum
1182 4109 1298 4186 supe-
