2714 4942
231 409 278 461 ιο
562 399 592 454 1.
644 376 726 450 Ad·
742 379 950 454 llaeorlam.

230 580 313 652 rior
337 601 369 653 s.
397 574 569 658 culmea.
603 571 652 650 ad
679 573 890 666 terminum
915 574 1086 676 aliquem
1111 601 1282 680 symme-

228 716 372 792 tricum
396 739 541 815 usque.
570 714 681 816 apice
706 738 777 790 suo
804 741 951 791 novum
976 715 1052 806 fert
1075 715 1282 794 nodiolum

227 856 462 960 proliferum
481 855 537 957 *)‚
565 855 619 950 ila
635 821 675 932 el
697 855 896 958 vaginulas
913 857 1013 942 illas,
1046 883 1146 958 quae
1163 883 1282 961 squa-

227 1022 308 1072 mas
344 996 499 1073 ssorales
526 997 787 1090 constituunt,
832 1015 901 1072 aut
922 997 1065 1072 lamina
1099 998 1182 1100 ipsa
1213 1021 1283 1078 aut

228 1135 404 1236 ejusdem
431 1138 569 1216 saltem
600 1136 825 1215 rudimento
856 1137 1077 1214 terminatas
1102 1138 1163 1212 -iri
1195 1167 1284 1216 cre-

227 1276 321 1353 dere
351 1276 407 1352 fas
438 1295 508 1354 est.
576 1279 674 1356 Cum
703 1296 834 1358 autem
866 1277 1083 1380 graminum
1118 1280 1284 1383 perplu-

225 1421 331 1514 rium
353 1420 514 1524 vaginae
539 1419 719 1524 ipsissimi
744 1419 864 1498 culmi
884 1419 1103 1522 superiores
1119 1420 1282 1496 minime

225 1585 317 1636 raro
342 1559 528 1654 laminam
551 1580 621 1642 aut
643 1559 909 1640 brevissimam
934 1577 973 1634 et
995 1559 1178 1662 pusillam
1194 1577 1281 1636 tan-

225 1717 332 1792 sum,
375 1700 455 1797 imo
487 1701 728 1806 quandoque
756 1700 821 1780 vix
849 1700 971 1775 ullam
1002 1679 1154 1794 ferant3
1178 1728 1279 1776 non

223 1842 367 1918 mirum
395 1861 472 1931 est,
510 1841 676 1920 eandem
700 1841 743 1919 in
767 1840 936 1943 squamis
961 1839 1053 1944 ipsis
1078 1837 1279 1918 floralibus

224 2000 293 2058 aut
323 1983 482 2084 penisus
507 1981 741 2068 desiderari.
784 1999 853 2062 aut
877 1980 949 2054 sub
981 2005 1185 2082 processus
1215 2009 1280 2057 cu·

222 2119 376 2223 jusdam
399 2121 554 2226 analogi
578 2121 704 2198 forma
727 2119 914 2199 latentem
948 2120 1084 2220 quaeri
1116 2119 1272 2198 debere.

220 2260 322 2338 Nam
333 2277 379 2338 ut
394 2262 564 2338 valvulas
584 2233 754 2348 taceam,
782 2287 877 2363 quas
894 2261 936 2337 in
955 2261 1113 2360 Dactyli
1126 2276 1276 2362 repente

222 2399 397 2504 rivipara
412 2415 549 2506 reapse
564 2400 765 2480 laminatas
781 2401 881 2481 vidit
903 2402 953 2481 cl.
968 2405 1150 2491 Rssrmn,
1178 2433 1276 2507 apex

221 2539 311 2629 ille,
348 2539 391 2617 in
417 2540 650 2644 quibusdam
674 2539 911 2644 graminibus
937 2560 1040 2620 totus
1067 2542 1120 2640 (v.
1149 2571 1204 2646 gr.
1230 2544 1274 2617 in
1301 2605 1306 2614 .

222 2680 372 2770 Paleis,
399 2681 617 2785 Alopaouro
643 2682 862 2770 utriculum,
895 2684 987 2785 aL),
1018 2688 1115 2761 vasis
1141 2687 1182 2760 in
1208 2713 1286 2761 eo-.

223 2821 314 2900 dem
339 2821 674 2909 conuactissimis‚
711 2805 1041 2926 *in'appendicem
1069 2823 1278 2926 quemdam

221 2989 291 3041 seu
310 2987 437 3050 oornu
453 2961 619 3040 laminae
635 2965 864 3068 analogum,
893 2967 1087 3060 excurrit3
1116 2965 1157 3039 in
1175 2963 1273 3050 aliis,

220 3105 349 3206 iisque
378 3101 576 3206 plurimis,
623 3104 678 3204 (v,
715 3133 771 3209 gr.
804 3106 845 3180 in
874 3108 1046 3198 Bromia,
1086 3109 1275 3207 Festucis)

210 3273 388 3327 nervum
412 3240 626 3337 dorsalem,
665 3245 776 3348 quasi
800 3249 951 3349 spinam
975 3249 1141 3342 laminae
1167 3247 1278 3324 exhi-

219 3368 400 3474 bentem,
443 3384 663 3488 longiorem
697 3385 984 3476 breuioremve,
1036 3389 1274 3468 setilormem

255 3687 281 3758 *J
297 3685 491 3756 Procurrentam
505 3689 607 3760 inipso
622 3688 825 3758 compaclimlmo
843 3701 869 3744 et
882 3689 1038 3762 retusissimo
1054 3688 1121 3742 calla>
1143 3690 1226 3756 (Dies.
1246 3704 1271 3742 1.

266 3770 354 3840 ,Cap
372 3772 396 3824 1.
414 3776 442 3839 ὃ.
460 3777 503 3843 18)
532 3778 643 3830 nuncin
658 3778 834 3831 mucronulum
850 3788 962 3840 tantum,
991 3781 1103 3832 nuncin
1124 3797 1275 3848 processum

286 3857 349 3912 olim
361 3857 463 3916 ¹ll‘os'culi
480 3861 588 3918 secundi?
597 3863 768 3920 mainerum
783 3865 889 3927 dictum,
908 3876 951 3916 ant
964 3863 1100 3927 misticum,
1122 3878 1165 3917 aut
1180 3867 1275 3918 ilerum

285 3947 455 4028 internodiolo
483 3965 639 4008 coronatum.
658 3981 694 3994 —
738 3952 927 4023 Quaererem
952 3951 1029 4004 callus
1056 3951 1274 4010 distinctissimmn

286 4021 472 4092 constrictionis
488 4038 566 4102 illius,
595 4049 792 4111 quaa'omnem·
821 4039 969 4106 ΡΜΒΕἈῙἰὴ
985 4031 1053 4090 Ηθῐῖ·
1069 4035 1197 4105 limma
1221 4057 1273 4094 Ψ

282 4117 435 4194 sindonum
450 4123 587 4226 latriam
600 4125 1039 4199 uatafflarmmplmpmma.
