2714 4942
237 481 278 560 2⁴
326 485 330 492 ’
564 511 590 563 1·
644 482 715 556 Ad
744 483 952 558 Tlreorr'am.
1049 491 1053 501 ’

238 682 413 784 possint;
442 677 556 753 simul
584 707 665 765 non
694 681 833 757 inutile
863 680 956 762 erit.
986 675 1161 753 theoriae
1186 679 1290 753 illins

234 821 435 919 materiam
468 817 601 894 denuo
635 823 868 898 excutiendo
907 839 946 895 et
980 819 1144 894 ulterius
1179 821 1292 894 illus-

236 958 395 1047 trand0,
435 959 658 1046 commoda,
701 989 800 1063 qnae
827 989 872 1037 ex
900 987 944 1034 ea
968 983 1029 1032 res
1054 977 1291 1061 agrostogra-

233 1101 349 1203 phica
376 1125 517 1199 capere
542 1100 663 1202 possit
677 1101 872 1204 practica,
899 1101 1048 1199 integre
1061 1099 1288 1201 ¹exquirere,

235 1257 346 1342 capta
374 1258 636 1316 asseveranter
662 1241 777 1316 tueri.

312 1519 498 1594 'Plurima
532 1538 682 1608 autem.
723 1549 773 1645 pe
807 1519 934 1594 <licam
971 1519 1115 1606 omnis,
1164 1520 1204 1594 in
1237 1509 1285 1596 eo

164 1709 168 1718 ·
228 1659 354 1762 posita
370 1657 507 1736 haberi
524 1681 653 1763 potest
669 1667 762 1741 novi
781 1661 1014 1738 discriminis
1032 1662 1146 1749 rati0‚
1177 1663 1286 1763 qnod

116 1877 121 1882 ,
227 1801 366 1878 eodem
391 1803 499 1903 jure.
540 1829 620 1904 quo
646 1805 850 1880 altioribus
876 1802 1146 1877 attribuuntur
1170 1803 1282 1905 plan-
1347 1793 1348 1802 ἵ

226 1937 294 2023 tis,
306 1939 414 2039 folia
438 1959 479 2040 et
503 1945 742 2047 graminibus
767 1942 1002 2020 vindicanda
1028 1961 1183 2016 censeat
1208 1941 1282 2015 cla-

222 2077 394 2155 rissimus
420 2081 573 2158 critices
591 2085 695 2160 illius
711 2101 863 2159 auctor.
881 2074 931 2141 -’-
980 2083 1086 2181 Quae
1104 2079 1276 2181 quidem,

222 2215 255 2290 si
281 2245 424 2320 organa
443 2203 694 2299 existimanda
720 2224 798 2298 sint
824 2225 928 2298 inter
951 2239 1185 2297 structuram
1211 2249 1280 2294 co-

216 2341 457 2458 'tyledonum
484 2363 623 2441 rudem
649 2363 838 2466 florisque
866 2361 1187 2468 perfectissimam
1204 2391 1280 2436 me-

106 2595 109 2602 Δ
219 2495 304 2585 flia,
333 2517 372 2606 et
396 2479 595 2592 vasorum,
630 2502 670 2578 in
697 2505 852 2578 illarum
878 2500 1183 2605 parenchymate
1212 2501 1282 2576 lar·
1312 2575 1319 2594 „

125 2705 130 2714 .
219 2621 392 2716 'ocissimo
418 2641 639 2728 nullorum,
685 2643 726 2720 in
752 2639 867 2744 liujus
896 2639 1113 2717 tenerrimis
1140 2645 1278 2743 petalis

221 2779 379 2856 tandem
399 2775 814 2870 elaboratissimornm‚
843 2779 1186 2884 implicatissimam
1203 2811 1279 2857 ma-

219 2923 333 2998 terias
361 2923 515 3001 florales
541 2943 840 3029 praeparantem
857 2921 1117 2999 anastomosin
1136 2949 1275 2998 curan·

217 3063 301 3170 tiaj¹
336 3051 428 3170 tum
449 3068 668 3168 graminum
709 3091 892 3168 squamae
913 3065 1019 3152 xillae
1058 3063 1272 3164 elongatur,

217 3229 338 3305 quae,
379 3209 556 3318 analogia
587 3206 754 3311 quadam
787 3234 807 3280 a
838 3205 999 3306 reliquis
1032 3201 1176 3305 plantis
1211 3203 1275 3276 de·

216 3333 362 3438 ¹sumta,
387 3321 592 3444 'foliorum
617 3374 763 3460 nomen
797 3345 900 3418 ferre
925 3345 1073 3428 solent,
1120 3343 1272 3443 organis

64 3575 67 3582 ¹
143 3469 147 3481 i
215 3485 298 3564 istis
335 3489 547 3564 certissime
585 3513 667 3562 non
705 3483 954 3560 adnumerari
992 3501 1188 3585 possunt*
1231 3483 1272 3556 Si

216 3657 309 3705 vero
336 3628 512 3710 delinitio
540 3627 726 3702 foliorum
743 3625 809 3700 illa
824 3624 942 3726 magis
960 3620 1126 3708 arridet,
1155 3649 1269 3723 qnae,

215 3796 261 3846 ex
287 3768 584 3872 ingeniosissimi
601 3768 770 3844 GOETHm
798 3763 950 3841 theoria
975 3762 1024 3836 de
1049 3761 1274 3864 plantarum

184 3907 518 4014 metamorphosi
559 3906 700 4010 petita,
750 3906 800 3980 ab
838 3903 1060 3978 acutissimo
1095 3903 1268 3990 Onnum,

214 4051 446 4128 illustrativo
473 4049 603 4154 potius
631 4071 749 4148 qnam
776 4043 996 4147 dogmatico
1013 4041 1154 4128 modo,
1181 4070 1271 4145 pro-

212 4192 357 4297 posita.
386 4189 528 4268 deinde
556 4215 633 4292 qna
659 4184 797 4289 dogma
823 4183 1046 4258 absolutum
1072 4182 1119 4259 in·
1139 4209 1271 4258 recen·
